1879 3248
530 193 707 231 ACTVS
747 194 795 230 V.
865 195 1042 232 SCENA
1081 195 1153 233 III.
1549 194 1601 249 89

80 315 208 355 Hanc
239 328 367 356 unam
398 317 571 357 noxiam
602 330 746 371 unam,
777 330 945 371 quaeso,
976 317 1042 358 fac
1073 330 1196 359 causa
1226 330 1333 357 mea.
1546 328 1601 371 55

143 393 223 431 TR.
264 390 380 446 Qid
419 392 637 444 gravaris?
716 391 850 447 Qasi
892 404 980 432 non
1016 404 1106 432 cras
1142 392 1229 431 iam
1259 403 1543 431 commeream

248 465 378 504 aliam
408 466 607 505 noxiam:

77 535 143 576 Ibi
175 543 408 591 utrumque,
439 544 483 578 et
513 539 591 578 hoc
621 544 664 578 et
697 538 816 592 illud,
848 538 1006 592 poteris
1037 538 1185 578 ulcisci
1217 538 1356 591 probe.

139 613 219 651 CA.
264 610 364 650 Sine
411 617 455 651 te
501 624 684 651 exorem.
778 615 856 651 TH.
910 611 1016 665 Age,
1056 612 1192 664 habe3
1241 612 1310 651 abi
1353 611 1537 665 inpune!

247 684 379 739 Hem,
410 686 507 726 huic
538 686 691 726 habeto
721 686 912 738 gratiam.

77 758 355 814 Spectatores‚
387 759 527 800 fabula
556 761 659 801 haec
690 767 754 801 est
785 766 906 800 acta:
946 773 1021 800 vos
1053 760 1242 814 plausum
1273 759 1383 800 date.

125 978 180 1009 55.
231 968 278 1001 So
302 967 415 1009 BCD,
438 967 466 1000 Β
492 967 621 1010 having
645 981 749 1011 queso.
821 969 919 1001 Hanc
937 968 1030 1000 modo
1047 969 1183 1001 noxiam
1201 981 1303 1002 unam
1321 981 1437 1012 quaeso
1455 970 1594 1003 missam

68 1015 136 1056 fac
155 1014 199 1048 R.
272 1015 369 1048 Hanc
386 1014 478 1047 modo
497 1027 597 1048 unam
615 1027 720 1048 noxae
736 1015 873 1047 veniam
891 1027 1006 1057 quaeso
1012 1015 1080 1056 fac
1099 1014 1205 1048 Both.
1219 1015 1281 1048 W.

125 1063 180 1102 56.
229 1073 291 1094 non
316 1073 392 1094 cras
416 1062 498 1103 iam,
524 1071 564 1094 so
591 1061 745 1102 Camer.,
771 1061 840 1094 and
866 1060 935 1093 this
961 1061 988 1093 is
1013 1060 1075 1094 the
1100 1061 1291 1094 corrected
1316 1061 1464 1104 reading
1488 1061 1530 1095 of
1552 1061 1593 1104 B,

74 1123 192 1156 which
225 1123 286 1156 has
318 1136 381 1156 non
409 1112 496 1177 gras
528 1125 610 1157 iam.
695 1137 758 1157 non
770 1125 892 1168 gratia
925 1123 1001 1158 CF.
1085 1137 1146 1158 non
1175 1114 1281 1169 ngm
1312 1125 1359 1159 D.
1436 1126 1594 1169 gratiam

74 1170 198 1258 ⁷⁷⁰}7ZJ
228 1216 280 1250 Ibi
296 1223 332 1250 tu
349 1223 521 1260 utrumque
539 1217 583 1260 R,
601 1217 666 1250 but
685 1223 720 1250 tu
738 1217 765 1250 is
783 1221 846 1250 not
865 1217 900 1249 in
917 1216 979 1250 the
999 1216 1104 1250 MSS.

123 1266 178 1304 58.
229 1263 312 1307 Age,
329 1263 397 1305 ahi,
415 1264 472 1297 abi
495 1263 561 1297 Bb.
636 1265 720 1308 Age,
744 1263 789 1298 ab
807 1289 815 1298 .
835 1289 843 1298 .
861 1263 948 1297 With
974 1274 1018 1297 an
1044 1274 1188 1297 erasure
1216 1264 1279 1298 Ba.
1354 1265 1428 1309 Age
1451 1263 1512 1298 abe
1535 1264 1593 1298 abi

72 1309 164 1390 ngli
232 1311 316 1354 Age,
342 1310 437 1354 habe,
465 1310 523 1344 abi
551 1311 679 1345 FZW.
820 1323 870 1344 em
904 1310 946 1345 Β.
1018 1311 1091 1344 hem
1120 1311 1182 1345 the
1216 1315 1290 1345 rest
1323 1310 1365 1345 of
1393 1311 1456 1345 the
1486 1311 1592 1345 MSS.
