<?xml version="1.0" encoding="UTF-8"?>
<!DOCTYPE html PUBLIC "-//W3C//DTD XHTML 1.0 Transitional//EN"
    "http://www.w3.org/TR/xhtml1/DTD/xhtml1-transitional.dtd">
<html xmlns="http://www.w3.org/1999/xhtml" xml:lang="en" lang="en">
 <head>
  <title>
</title>
<meta http-equiv="Content-Type" content="text/html;charset=utf-8" />
  <meta name='ocr-system' content='tesseract 3.04.00' />
  <meta name='ocr-capabilities' content='ocr_page ocr_carea ocr_par ocr_line ocrx_word'/>
</head>
<body>
  <div class='ocr_page' id='page_1' title='image "./mostellaria1869plauuoft_0173.png"; bbox 0 0 1879 3248; ppageno 0'>
   <div class='ocr_carea' id='block_1_1' title="bbox 593 244 1661 322">
    <p class='ocr_par' dir='ltr' id='par_1_1' title="bbox 593 244 1661 322">
     <span class='ocr_line' id='line_1_1' title="bbox 593 244 1661 322; baseline 0.037 -39"><span class='ocrx_word' id='word_1_1' title='bbox 593 244 774 289; x_wconf 91' lang='lat' dir='ltr'><strong>ACTVS</strong></span> <span class='ocrx_word' id='word_1_2' title='bbox 814 252 845 292; x_wconf 90' lang='lat' dir='ltr'><strong>I.</strong></span> <span class='ocrx_word' id='word_1_3' title='bbox 932 256 1108 300; x_wconf 89' lang='lat' dir='ltr'><strong>SCENA</strong></span> <span class='ocrx_word' id='word_1_4' title='bbox 1147 265 1199 306; x_wconf 92' lang='lat' dir='ltr'><strong>II.</strong></span> <span class='ocrx_word' id='word_1_5' title='bbox 1614 294 1661 322; x_wconf 94' lang='lat'><strong>11</strong></span> 
     </span>
    </p>
   </div>
   <div class='ocr_carea' id='block_1_2' title="bbox 116 348 1353 520">
    <p class='ocr_par' dir='ltr' id='par_1_2' title="bbox 116 348 1353 520">
     <span class='ocr_line' id='line_1_2' title="bbox 120 348 1001 428; baseline 0.036 -38"><span class='ocrx_word' id='word_1_6' title='bbox 120 348 295 396; x_wconf 85' lang='lat' dir='ltr'>Postilla</span> <span class='ocrx_word' id='word_1_7' title='bbox 324 360 513 415; x_wconf 88' lang='lat' dir='ltr'>optigere</span> <span class='ocrx_word' id='word_1_8' title='bbox 543 377 638 408; x_wconf 91' lang='lat' dir='ltr'><strong>eam</strong></span> <span class='ocrx_word' id='word_1_9' title='bbox 668 373 896 428; x_wconf 87' lang='lat' dir='ltr'><strong>neglegens</strong></span> <span class='ocrx_word' id='word_1_10' title='bbox 925 379 1001 422; x_wconf 90' lang='lat' dir='ltr'><strong>fui.</strong></span> 
     </span>
     <span class='ocr_line' id='line_1_3' title="bbox 116 422 1353 520; baseline 0.037 -58"><span class='ocrx_word' id='word_1_11' title='bbox 116 422 338 470; x_wconf 85' lang='lat' dir='ltr'>Continuo</span> <span class='ocrx_word' id='word_1_12' title='bbox 366 445 441 486; x_wconf 92' lang='lat' dir='ltr'><strong>pro</strong></span> <span class='ocrx_word' id='word_1_13' title='bbox 472 436 608 480; x_wconf 90' lang='lat' dir='ltr'><strong>imbre</strong></span> <span class='ocrx_word' id='word_1_14' title='bbox 637 455 757 486; x_wconf 94' lang='lat' dir='ltr'><strong>amor</strong></span> <span class='ocrx_word' id='word_1_15' title='bbox 785 448 962 494; x_wconf 91' lang='lat' dir='ltr'><strong>advenit</strong></span> <span class='ocrx_word' id='word_1_16' title='bbox 994 456 1042 496; x_wconf 89' lang='lat' dir='ltr'><strong>in</strong></span> <span class='ocrx_word' id='word_1_17' title='bbox 1074 471 1146 500; x_wconf 93' lang='lat' dir='ltr'><strong>cor</strong></span> <span class='ocrx_word' id='word_1_18' title='bbox 1174 474 1353 520; x_wconf 81' lang='lat' dir='ltr'><strong>meum3</strong></span> 
     </span>
    </p>
   </div>
   <div class='ocr_carea' id='block_1_3' title="bbox 112 492 1505 662">
    <p class='ocr_par' dir='ltr' id='par_1_3' title="bbox 112 492 1505 662">
     <span class='ocr_line' id='line_1_4' title="bbox 114 492 1505 585; baseline 0.036 -49"><span class='ocrx_word' id='word_1_19' title='bbox 114 492 155 538; x_wconf 91' lang='lat' dir='ltr'><strong>Is</strong></span> <span class='ocrx_word' id='word_1_20' title='bbox 185 512 311 554; x_wconf 92' lang='lat' dir='ltr'><strong>usque</strong></span> <span class='ocrx_word' id='word_1_21' title='bbox 343 506 391 546; x_wconf 93' lang='lat' dir='ltr'><strong>in</strong></span> <span class='ocrx_word' id='word_1_22' title='bbox 419 516 566 562; x_wconf 89' lang='lat' dir='ltr'><strong>pectus</strong></span> <span class='ocrx_word' id='word_1_23' title='bbox 596 524 879 578; x_wconf 81' lang='lat' dir='ltr'><strong>permanavit,</strong></span> <span class='ocrx_word' id='word_1_24' title='bbox 909 531 1214 580; x_wconf 89' lang='lat' dir='ltr'><strong>permadefecit</strong></span> <span class='ocrx_word' id='word_1_25' title='bbox 1246 551 1318 580; x_wconf 90' lang='lat' dir='ltr'><strong>cor</strong></span> <span class='ocrx_word' id='word_1_26' title='bbox 1347 554 1505 585; x_wconf 89' lang='lat' dir='ltr'><strong>meum.</strong></span> 
     </span>
     <span class='ocr_line' id='line_1_5' title="bbox 112 569 1235 662; baseline 0.038 -53"><span class='ocrx_word' id='word_1_27' title='bbox 112 569 245 615; x_wconf 92' lang='lat' dir='ltr'><strong>Nunc</strong></span> <span class='ocrx_word' id='word_1_28' title='bbox 273 577 401 620; x_wconf 90' lang='lat' dir='ltr'><strong>simul</strong></span> <span class='ocrx_word' id='word_1_29' title='bbox 431 596 510 638; x_wconf 78' lang='lat' dir='ltr'><strong>res,</strong></span> <span class='ocrx_word' id='word_1_30' title='bbox 541 585 656 643; x_wconf 80' lang='lat' dir='ltr'><strong>fides,</strong></span> <span class='ocrx_word' id='word_1_31' title='bbox 687 591 817 650; x_wconf 82' lang='lat' dir='ltr'><strong>fama,</strong></span> <span class='ocrx_word' id='word_1_32' title='bbox 848 599 996 656; x_wconf 80' lang='lat' dir='ltr'><strong>virtus,</strong></span> <span class='ocrx_word' id='word_1_33' title='bbox 1027 604 1235 662; x_wconf 86' lang='lat' dir='ltr'><strong>decusque</strong></span> 
     </span>
    </p>
   </div>
   <div class='ocr_carea' id='block_1_4' title="bbox 108 643 1655 840">
    <p class='ocr_par' dir='ltr' id='par_1_4' title="bbox 108 643 1655 840">
     <span class='ocr_line' id='line_1_6' title="bbox 109 643 1655 740; baseline 0.036 -57"><span class='ocrx_word' id='word_1_34' title='bbox 109 643 427 696; x_wconf 73' lang='lat' dir='ltr'><strong>Deseruerant:</strong></span> <span class='ocrx_word' id='word_1_35' title='bbox 469 670 549 712; x_wconf 86' lang='lat' dir='ltr'><strong>ego</strong></span> <span class='ocrx_word' id='word_1_36' title='bbox 578 674 671 705; x_wconf 90' lang='lat' dir='ltr'><strong>sum</strong></span> <span class='ocrx_word' id='word_1_37' title='bbox 702 666 749 706; x_wconf 93' lang='lat' dir='ltr'><strong>in</strong></span> <span class='ocrx_word' id='word_1_38' title='bbox 780 682 855 710; x_wconf 91' lang='lat' dir='ltr'><strong>usu</strong></span> <span class='ocrx_word' id='word_1_39' title='bbox 884 673 1020 717; x_wconf 90' lang='lat' dir='ltr'><strong>factus</strong></span> <span class='ocrx_word' id='word_1_40' title='bbox 1051 680 1190 723; x_wconf 92' lang='lat' dir='ltr'><strong>nimio</strong></span> <span class='ocrx_word' id='word_1_41' title='bbox 1220 689 1425 740; x_wconf 89' lang='lat' dir='ltr'><strong>nequior:</strong></span> <span class='ocrx_word' id='word_1_42' title='bbox 1599 697 1655 738; x_wconf 92' lang='lat'><strong>60</strong></span> 
     </span>
     <span class='ocr_line' id='line_1_7' title="bbox 108 717 1595 814; baseline 0.036 -57"><span class='ocrx_word' id='word_1_43' title='bbox 108 717 248 773; x_wconf 91' lang='lat' dir='ltr'><strong>Atque</strong></span> <span class='ocrx_word' id='word_1_44' title='bbox 280 724 430 780; x_wconf 92' lang='lat' dir='ltr'><strong>edepol</strong></span> <span class='ocrx_word' id='word_1_45' title='bbox 471 731 551 784; x_wconf 90' lang='lat' dir='ltr'><strong>(ita</strong></span> <span class='ocrx_word' id='word_1_46' title='bbox 589 734 695 779; x_wconf 90' lang='lat' dir='ltr'><strong>haec</strong></span> <span class='ocrx_word' id='word_1_47' title='bbox 735 741 857 796; x_wconf 85' lang='lat' dir='ltr'><strong>tigna</strong></span> <span class='ocrx_word' id='word_1_48' title='bbox 895 746 1068 792; x_wconf 89' lang='lat' dir='ltr'><strong>humide</strong></span> <span class='ocrx_word' id='word_1_49' title='bbox 1108 761 1276 814; x_wconf 87' lang='lat' dir='ltr'><strong>putent)</strong></span> <span class='ocrx_word' id='word_1_50' title='bbox 1316 774 1404 803; x_wconf 92' lang='lat' dir='ltr'><strong>non</strong></span> <span class='ocrx_word' id='word_1_51' title='bbox 1446 766 1595 809; x_wconf 89' lang='lat' dir='ltr'><strong>videor</strong></span> 
     </span>
     <span class='ocr_line' id='line_1_8' title="bbox 278 799 388 840; baseline 0.027 -3"><span class='ocrx_word' id='word_1_52' title='bbox 278 799 388 840; x_wconf 92' lang='lat' dir='ltr'><strong>mihi</strong></span> 
     </span>
    </p>
   </div>
   <div class='ocr_carea' id='block_1_5' title="bbox 103 863 1445 966">
    <p class='ocr_par' dir='ltr' id='par_1_5' title="bbox 103 863 1445 966">
     <span class='ocr_line' id='line_1_9' title="bbox 103 863 1445 966; baseline 0.037 -62"><span class='ocrx_word' id='word_1_53' title='bbox 103 863 262 909; x_wconf 88' lang='lat' dir='ltr'><strong>Sarcire</strong></span> <span class='ocrx_word' id='word_1_54' title='bbox 294 884 414 925; x_wconf 89' lang='lat' dir='ltr'><strong>posse</strong></span> <span class='ocrx_word' id='word_1_55' title='bbox 445 879 570 922; x_wconf 88' lang='lat' dir='ltr'><strong>aedes</strong></span> <span class='ocrx_word' id='word_1_56' title='bbox 600 896 732 941; x_wconf 82' lang='lat' dir='ltr'><strong>meas,</strong></span> <span class='ocrx_word' id='word_1_57' title='bbox 763 892 868 942; x_wconf 89' lang='lat' dir='ltr'><strong>quin</strong></span> <span class='ocrx_word' id='word_1_58' title='bbox 899 900 1016 937; x_wconf 91' lang='lat' dir='ltr'><strong>totae</strong></span> <span class='ocrx_word' id='word_1_59' title='bbox 1047 909 1272 956; x_wconf 83' lang='lat' dir='ltr'><strong>perpetuae</strong></span> <span class='ocrx_word' id='word_1_60' title='bbox 1304 917 1445 966; x_wconf 82' lang='lat' dir='ltr'><strong>ruant,</strong></span> 
     </span>
    </p>
   </div>
   <div class='ocr_carea' id='block_1_6' title="bbox 100 938 1590 1072">
    <p class='ocr_par' dir='ltr' id='par_1_6' title="bbox 100 938 1590 1072">
     <span class='ocr_line' id='line_1_10' title="bbox 100 938 1590 1030; baseline 0.036 -52"><span class='ocrx_word' id='word_1_61' title='bbox 100 938 222 995; x_wconf 85' lang='lat' dir='ltr'><strong>Qin</strong></span> <span class='ocrx_word' id='word_1_62' title='bbox 253 956 349 986; x_wconf 92' lang='lat' dir='ltr'><strong>cum</strong></span> <span class='ocrx_word' id='word_1_63' title='bbox 380 948 662 998; x_wconf 89' lang='lat' dir='ltr'><strong>fundamento</strong></span> <span class='ocrx_word' id='word_1_64' title='bbox 691 964 913 1021; x_wconf 81' lang='lat' dir='ltr'><strong>perierint,</strong></span> <span class='ocrx_word' id='word_1_65' title='bbox 944 982 1025 1012; x_wconf 90' lang='lat' dir='ltr'><strong>nec</strong></span> <span class='ocrx_word' id='word_1_66' title='bbox 1055 976 1275 1029; x_wconf 90' lang='lat' dir='ltr'><strong>quisquam</strong></span> <span class='ocrx_word' id='word_1_67' title='bbox 1307 995 1398 1025; x_wconf 90' lang='lat' dir='ltr'><strong>esse</strong></span> <span class='ocrx_word' id='word_1_68' title='bbox 1429 989 1590 1030; x_wconf 86' lang='lat' dir='ltr'><strong>auxilio</strong></span> 
     </span>
     <span class='ocr_line' id='line_1_11' title="bbox 269 1028 409 1072; baseline 0.043 -15"><span class='ocrx_word' id='word_1_69' title='bbox 269 1028 409 1072; x_wconf 86' lang='lat' dir='ltr'><strong>queat.</strong></span> 
     </span>
    </p>
   </div>
   <div class='ocr_carea' id='block_1_7' title="bbox 84 1085 1631 1633">
    <p class='ocr_par' dir='ltr' id='par_1_7' title="bbox 96 1085 1338 1174">
     <span class='ocr_line' id='line_1_12' title="bbox 96 1085 1338 1174; baseline 0.035 -49"><span class='ocrx_word' id='word_1_70' title='bbox 96 1085 182 1128; x_wconf 93' lang='lat' dir='ltr'><strong>Cor</strong></span> <span class='ocrx_word' id='word_1_71' title='bbox 211 1089 343 1147; x_wconf 82' lang='lat' dir='ltr'><strong>dolet,</strong></span> <span class='ocrx_word' id='word_1_72' title='bbox 373 1108 500 1148; x_wconf 92' lang='lat' dir='ltr'><strong>quom</strong></span> <span class='ocrx_word' id='word_1_73' title='bbox 530 1103 635 1158; x_wconf 80' lang='lat' dir='ltr'><strong>scio,</strong></span> <span class='ocrx_word' id='word_1_74' title='bbox 666 1112 713 1147; x_wconf 94' lang='lat' dir='ltr'><strong>ut</strong></span> <span class='ocrx_word' id='word_1_75' title='bbox 743 1122 858 1153; x_wconf 91' lang='lat' dir='ltr'><strong>nunc</strong></span> <span class='ocrx_word' id='word_1_76' title='bbox 888 1126 996 1171; x_wconf 81' lang='lat' dir='ltr'><strong>sum,</strong></span> <span class='ocrx_word' id='word_1_77' title='bbox 1028 1126 1154 1174; x_wconf 92' lang='lat' dir='ltr'><strong>atque</strong></span> <span class='ocrx_word' id='word_1_78' title='bbox 1185 1131 1231 1166; x_wconf 90' lang='lat' dir='ltr'><strong>ut</strong></span> <span class='ocrx_word' id='word_1_79' title='bbox 1262 1127 1338 1169; x_wconf 86' lang='lat' dir='ltr'><strong>fui.</strong></span> 
     </span>
    </p>

    <p class='ocr_par' dir='ltr' id='par_1_8' title="bbox 91 1159 1631 1319">
     <span class='ocr_line' id='line_1_13' title="bbox 94 1159 1631 1269; baseline 0.036 -70"><span class='ocrx_word' id='word_1_80' title='bbox 94 1159 192 1218; x_wconf 83' lang='lat' dir='ltr'><strong>Qo</strong></span> <span class='ocrx_word' id='word_1_81' title='bbox 222 1177 357 1219; x_wconf 91' lang='lat' dir='ltr'><strong>neque</strong></span> <span class='ocrx_word' id='word_1_82' title='bbox 389 1171 618 1217; x_wconf 86' lang='lat' dir='ltr'><strong>industrior</strong></span> <span class='ocrx_word' id='word_1_83' title='bbox 647 1180 699 1221; x_wconf 95' lang='lat' dir='ltr'><strong>de</strong></span> <span class='ocrx_word' id='word_1_84' title='bbox 731 1183 952 1230; x_wconf 88' lang='lat' dir='ltr'><strong>iuventute</strong></span> <span class='ocrx_word' id='word_1_85' title='bbox 983 1201 1088 1249; x_wconf 81' lang='lat' dir='ltr'><strong>erat,</strong></span> <span class='ocrx_word' id='word_1_86' title='bbox 1577 1214 1631 1269; x_wconf 84' lang='lat'><strong>65</strong></span> 
     </span>
     <span class='ocr_line' id='line_1_14' title="bbox 91 1235 979 1319; baseline 0.035 -45"><span class='ocrx_word' id='word_1_87' title='bbox 91 1235 195 1277; x_wconf 89' lang='lat' dir='ltr'><strong>Arte</strong></span> <span class='ocrx_word' id='word_1_88' title='bbox 225 1246 505 1302; x_wconf 79' lang='lat' dir='ltr'><strong>gumnastica,</strong></span> <span class='ocrx_word' id='word_1_89' title='bbox 536 1249 669 1307; x_wconf 82' lang='lat' dir='ltr'><strong>disco,</strong></span> <span class='ocrx_word' id='word_1_90' title='bbox 697 1255 846 1314; x_wconf 82' lang='lat' dir='ltr'><strong>hastis,</strong></span> <span class='ocrx_word' id='word_1_91' title='bbox 877 1264 979 1319; x_wconf 81' lang='lat' dir='ltr'><strong>pila,</strong></span> 
     </span>
    </p>

    <p class='ocr_par' dir='ltr' id='par_1_9' title="bbox 89 1306 1096 1396">
     <span class='ocr_line' id='line_1_15' title="bbox 89 1306 1096 1396; baseline 0.037 -49"><span class='ocrx_word' id='word_1_92' title='bbox 89 1306 240 1365; x_wconf 83' lang='lat' dir='ltr'><strong>Cursu,</strong></span> <span class='ocrx_word' id='word_1_93' title='bbox 271 1317 414 1372; x_wconf 83' lang='lat' dir='ltr'><strong>armis,</strong></span> <span class='ocrx_word' id='word_1_94' title='bbox 445 1333 586 1377; x_wconf 78' lang='lat' dir='ltr'><strong>equo3</strong></span> <span class='ocrx_word' id='word_1_95' title='bbox 629 1329 881 1376; x_wconf 80' lang='lat' dir='ltr'><strong>victitabam</strong></span> <span class='ocrx_word' id='word_1_96' title='bbox 913 1339 1096 1396; x_wconf 82' lang='lat' dir='ltr'><strong>volupe3</strong></span> 
     </span>
    </p>

    <p class='ocr_par' dir='ltr' id='par_1_10' title="bbox 86 1379 1221 1460">
     <span class='ocr_line' id='line_1_16' title="bbox 86 1379 1221 1460; baseline 0.035 -40"><span class='ocrx_word' id='word_1_97' title='bbox 86 1379 349 1429; x_wconf 87' lang='lat' dir='ltr'><strong>Parsimonia</strong></span> <span class='ocrx_word' id='word_1_98' title='bbox 378 1398 422 1432; x_wconf 94' lang='lat' dir='ltr'><strong>et</strong></span> <span class='ocrx_word' id='word_1_99' title='bbox 451 1394 609 1439; x_wconf 90' lang='lat' dir='ltr'><strong>duritia</strong></span> <span class='ocrx_word' id='word_1_100' title='bbox 637 1401 918 1459; x_wconf 89' lang='lat' dir='ltr'><strong>discipulinae</strong></span> <span class='ocrx_word' id='word_1_101' title='bbox 949 1413 1046 1456; x_wconf 91' lang='lat' dir='ltr'><strong>aliis</strong></span> <span class='ocrx_word' id='word_1_102' title='bbox 1075 1429 1221 1460; x_wconf 86' lang='lat' dir='ltr'><strong>eram:</strong></span> 
     </span>
    </p>

    <p class='ocr_par' dir='ltr' id='par_1_11' title="bbox 85 1455 1289 1537">
     <span class='ocr_line' id='line_1_17' title="bbox 85 1455 1289 1537; baseline 0.036 -43"><span class='ocrx_word' id='word_1_103' title='bbox 85 1455 266 1510; x_wconf 90' lang='lat' dir='ltr'><strong>Optumi</strong></span> <span class='ocrx_word' id='word_1_104' title='bbox 296 1464 450 1518; x_wconf 89' lang='lat' dir='ltr'><strong>quique</strong></span> <span class='ocrx_word' id='word_1_105' title='bbox 480 1475 738 1525; x_wconf 85' lang='lat' dir='ltr'><strong>expetebant</strong></span> <span class='ocrx_word' id='word_1_106' title='bbox 768 1493 793 1520; x_wconf 90' lang='lat' dir='ltr'><strong>a</strong></span> <span class='ocrx_word' id='word_1_107' title='bbox 823 1495 891 1523; x_wconf 90' lang='lat' dir='ltr'><strong>me</strong></span> <span class='ocrx_word' id='word_1_108' title='bbox 922 1485 1162 1532; x_wconf 86' lang='lat' dir='ltr'><strong>doctrinam</strong></span> <span class='ocrx_word' id='word_1_109' title='bbox 1193 1495 1289 1537; x_wconf 87' lang='lat' dir='ltr'><strong>sibi.</strong></span> 
     </span>
    </p>

    <p class='ocr_par' dir='ltr' id='par_1_12' title="bbox 84 1528 1620 1633">
     <span class='ocr_line' id='line_1_18' title="bbox 84 1528 1620 1633; baseline 0.035 -65"><span class='ocrx_word' id='word_1_110' title='bbox 84 1528 218 1573; x_wconf 90' lang='lat' dir='ltr'><strong>Nunc</strong></span> <span class='ocrx_word' id='word_1_111' title='bbox 237 1543 458 1590; x_wconf 90' lang='lat' dir='ltr'><strong>postquam</strong></span> <span class='ocrx_word' id='word_1_112' title='bbox 480 1544 604 1586; x_wconf 90' lang='lat' dir='ltr'><strong>nihili</strong></span> <span class='ocrx_word' id='word_1_113' title='bbox 627 1561 735 1604; x_wconf 81' lang='lat' dir='ltr'><strong>sum,</strong></span> <span class='ocrx_word' id='word_1_114' title='bbox 757 1552 799 1593; x_wconf 92' lang='lat' dir='ltr'><strong>id</strong></span> <span class='ocrx_word' id='word_1_115' title='bbox 822 1567 920 1597; x_wconf 91' lang='lat' dir='ltr'><strong>vero</strong></span> <span class='ocrx_word' id='word_1_116' title='bbox 942 1569 1111 1616; x_wconf 89' lang='lat' dir='ltr'><strong>meopte</strong></span> <span class='ocrx_word' id='word_1_117' title='bbox 1133 1566 1310 1621; x_wconf 87' lang='lat' dir='ltr'><strong>ingenio</strong></span> <span class='ocrx_word' id='word_1_118' title='bbox 1330 1577 1505 1628; x_wconf 88' lang='lat' dir='ltr'><strong>repperi.</strong></span> <span class='ocrx_word' id='word_1_119' title='bbox 1568 1592 1620 1633; x_wconf 86' lang='lat'><strong>70</strong></span> 
     </span>
    </p>
   </div>
   <div class='ocr_carea' id='block_1_8' title="bbox 79 1685 1427 1819">
    <p class='ocr_par' dir='ltr' id='par_1_13' title="bbox 79 1685 1427 1819">
     <span class='ocr_line' id='line_1_19' title="bbox 129 1685 1427 1766; baseline 0.035 -48"><span class='ocrx_word' id='word_1_120' title='bbox 129 1685 186 1728; x_wconf 88' lang='lat'><strong>56.</strong></span> <span class='ocrx_word' id='word_1_121' title='bbox 237 1691 381 1727; x_wconf 87' lang='lat' dir='ltr'><strong>Postilla</strong></span> <span class='ocrx_word' id='word_1_122' title='bbox 408 1693 523 1732; x_wconf 86' lang='lat' dir='ltr'><strong>BCD.</strong></span> <span class='ocrx_word' id='word_1_123' title='bbox 606 1704 688 1739; x_wconf 87' lang='lat' dir='ltr'><strong>Post</strong></span> <span class='ocrx_word' id='word_1_124' title='bbox 713 1706 812 1742; x_wconf 87' lang='lat' dir='ltr'><strong>illam</strong></span> <span class='ocrx_word' id='word_1_125' title='bbox 841 1709 870 1743; x_wconf 87' lang='lat' dir='ltr'><strong>F</strong></span> <span class='ocrx_word' id='word_1_126' title='bbox 875 1711 970 1747; x_wconf 90' lang='lat' dir='ltr'><strong>ZW.</strong></span> <span class='ocrx_word' id='word_1_127' title='bbox 1114 1720 1258 1766; x_wconf 81' lang='lat' dir='ltr'><strong>obtigere</strong></span> <span class='ocrx_word' id='word_1_128' title='bbox 1284 1725 1427 1763; x_wconf 86' lang='lat' dir='ltr'><strong>Camer.</strong></span> 
     </span>
     <span class='ocr_line' id='line_1_20' title="bbox 79 1732 933 1800; baseline 0.035 -37"><span class='ocrx_word' id='word_1_129' title='bbox 79 1743 150 1765; x_wconf 86' lang='lat' dir='ltr'><strong>cere</strong></span> <span class='ocrx_word' id='word_1_130' title='bbox 167 1732 282 1770; x_wconf 91' lang='lat' dir='ltr'><strong>BCD.</strong></span> <span class='ocrx_word' id='word_1_131' title='bbox 356 1740 505 1777; x_wconf 84' lang='lat' dir='ltr'><strong>obtexere</strong></span> <span class='ocrx_word' id='word_1_132' title='bbox 524 1745 552 1778; x_wconf 88' lang='lat' dir='ltr'>F</span> <span class='ocrx_word' id='word_1_133' title='bbox 557 1746 652 1783; x_wconf 89' lang='lat' dir='ltr'><strong>ZW.</strong></span> <span class='ocrx_word' id='word_1_134' title='bbox 726 1757 869 1800; x_wconf 84' lang='lat' dir='ltr'><strong>optigere</strong></span> <span class='ocrx_word' id='word_1_135' title='bbox 888 1758 933 1793; x_wconf 90' lang='lat' dir='ltr'><strong>R.</strong></span> 
     </span>
     <span class='ocr_line' id='line_1_21' title="bbox 80 1776 360 1819; baseline 0.039 -11"><span class='ocrx_word' id='word_1_136' title='bbox 80 1776 131 1809; x_wconf 94' lang='lat' dir='ltr'>W</span> <span class='ocrx_word' id='word_1_137' title='bbox 148 1781 257 1815; x_wconf 86' lang='lat' dir='ltr'><strong>omits</strong></span> <span class='ocrx_word' id='word_1_138' title='bbox 273 1796 360 1819; x_wconf 85' lang='lat' dir='ltr'><strong>eam.</strong></span> 
     </span>
    </p>
   </div>
   <div class='ocr_carea' id='block_1_9' title="bbox 76 1830 1608 1957">
    <p class='ocr_par' dir='ltr' id='par_1_14' title="bbox 76 1830 1608 1957">
     <span class='ocr_line' id='line_1_22' title="bbox 124 1830 1608 1919; baseline 0.035 -61"><span class='ocrx_word' id='word_1_139' title='bbox 124 1836 181 1866; x_wconf 87' lang='lat'><strong>57.</strong></span> <span class='ocrx_word' id='word_1_140' title='bbox 229 1830 371 1866; x_wconf 82' lang='lat' dir='ltr'><strong>advenit</strong></span> <span class='ocrx_word' id='word_1_141' title='bbox 402 1835 438 1868; x_wconf 88' lang='lat' dir='ltr'><strong>in</strong></span> <span class='ocrx_word' id='word_1_142' title='bbox 470 1848 526 1870; x_wconf 88' lang='lat' dir='ltr'><strong>cor</strong></span> <span class='ocrx_word' id='word_1_143' title='bbox 558 1853 667 1876; x_wconf 87' lang='lat' dir='ltr'><strong>meum</strong></span> <span class='ocrx_word' id='word_1_144' title='bbox 702 1844 849 1883; x_wconf 86' lang='lat' dir='ltr'><strong>BCDF.</strong></span> <span class='ocrx_word' id='word_1_145' title='bbox 995 1853 1027 1888; x_wconf 91' lang='lat' dir='ltr'>R</span> <span class='ocrx_word' id='word_1_146' title='bbox 1060 1855 1121 1892; x_wconf 83' lang='lat' dir='ltr'><strong>has</strong></span> <span class='ocrx_word' id='word_1_147' title='bbox 1149 1871 1169 1893; x_wconf 91' lang='lat' dir='ltr'><strong>a</strong></span> <span class='ocrx_word' id='word_1_148' title='bbox 1202 1861 1310 1898; x_wconf 88' lang='lat' dir='ltr'><strong>blank</strong></span> <span class='ocrx_word' id='word_1_149' title='bbox 1337 1866 1432 1903; x_wconf 84' lang='lat' dir='ltr'><strong>after</strong></span> <span class='ocrx_word' id='word_1_150' title='bbox 1455 1873 1608 1919; x_wconf 79' lang='lat' dir='ltr'><strong>advenit,</strong></span> 
     </span>
     <span class='ocr_line' id='line_1_23' title="bbox 76 1873 1496 1957; baseline 0.035 -54"><span class='ocrx_word' id='word_1_151' title='bbox 76 1873 270 1918; x_wconf 86' lang='lat' dir='ltr'><strong>supposing</strong></span> <span class='ocrx_word' id='word_1_152' title='bbox 287 1877 366 1913; x_wconf 87' lang='lat' dir='ltr'><strong>that</strong></span> <span class='ocrx_word' id='word_1_153' title='bbox 384 1881 446 1915; x_wconf 89' lang='lat' dir='ltr'><strong>the</strong></span> <span class='ocrx_word' id='word_1_154' title='bbox 464 1885 582 1919; x_wconf 82' lang='lat' dir='ltr'><strong>words</strong></span> <span class='ocrx_word' id='word_1_155' title='bbox 599 1890 634 1922; x_wconf 90' lang='lat' dir='ltr'><strong>in</strong></span> <span class='ocrx_word' id='word_1_156' title='bbox 651 1903 707 1924; x_wconf 89' lang='lat' dir='ltr'><strong>cor</strong></span> <span class='ocrx_word' id='word_1_157' title='bbox 724 1906 832 1928; x_wconf 83' lang='lat' dir='ltr'><strong>meum</strong></span> <span class='ocrx_word' id='word_1_158' title='bbox 847 1902 950 1941; x_wconf 89' lang='lat' dir='ltr'><strong>crept</strong></span> <span class='ocrx_word' id='word_1_159' title='bbox 968 1900 1003 1934; x_wconf 89' lang='lat' dir='ltr'><strong>in</strong></span> <span class='ocrx_word' id='word_1_160' title='bbox 1022 1901 1117 1938; x_wconf 84' lang='lat' dir='ltr'><strong>from</strong></span> <span class='ocrx_word' id='word_1_161' title='bbox 1135 1906 1198 1942; x_wconf 91' lang='lat' dir='ltr'><strong>the</strong></span> <span class='ocrx_word' id='word_1_162' title='bbox 1214 1908 1397 1957; x_wconf 88' lang='lat' dir='ltr'><strong>following</strong></span> <span class='ocrx_word' id='word_1_163' title='bbox 1414 1916 1496 1953; x_wconf 88' lang='lat' dir='ltr'><strong>line.</strong></span> 
     </span>
    </p>
   </div>
   <div class='ocr_carea' id='block_1_10' title="bbox 73 1924 1603 2021">
    <p class='ocr_par' dir='ltr' id='par_1_15' title="bbox 73 1924 1603 2021">
     <span class='ocr_line' id='line_1_24' title="bbox 124 1924 1603 2008; baseline 0.037 -58"><span class='ocrx_word' id='word_1_164' title='bbox 124 1929 180 1960; x_wconf 88' lang='lat'><strong>59.</strong></span> <span class='ocrx_word' id='word_1_165' title='bbox 229 1924 344 1957; x_wconf 86' lang='lat' dir='ltr'><strong>virtus</strong></span> <span class='ocrx_word' id='word_1_166' title='bbox 369 1928 536 1973; x_wconf 85' lang='lat' dir='ltr'><strong>decusque,</strong></span> <span class='ocrx_word' id='word_1_167' title='bbox 561 1943 601 1966; x_wconf 95' lang='lat' dir='ltr'><strong>so</strong></span> <span class='ocrx_word' id='word_1_168' title='bbox 627 1935 689 1970; x_wconf 92' lang='lat' dir='ltr'><strong>the</strong></span> <span class='ocrx_word' id='word_1_169' title='bbox 717 1938 822 1975; x_wconf 88' lang='lat' dir='ltr'>MSS.</span> <span class='ocrx_word' id='word_1_170' title='bbox 849 1951 979 1990; x_wconf 84' lang='lat' dir='ltr'><strong>except</strong></span> <span class='ocrx_word' id='word_1_171' title='bbox 999 1948 1040 1992; x_wconf 95' lang='lat' dir='ltr'><strong>C,</strong></span> <span class='ocrx_word' id='word_1_172' title='bbox 1067 1951 1184 1988; x_wconf 84' lang='lat' dir='ltr'><strong>which</strong></span> <span class='ocrx_word' id='word_1_173' title='bbox 1209 1955 1270 1991; x_wconf 86' lang='lat' dir='ltr'><strong>has</strong></span> <span class='ocrx_word' id='word_1_174' title='bbox 1295 1961 1472 2008; x_wconf 79' lang='lat' dir='ltr'><strong>virtusque</strong></span> <span class='ocrx_word' id='word_1_175' title='bbox 1496 1967 1603 2004; x_wconf 81' lang='lat' dir='ltr'><strong>decus.</strong></span> 
     </span>
     <span class='ocr_line' id='line_1_25' title="bbox 73 1963 801 2021; baseline 0.033 -24"><span class='ocrx_word' id='word_1_176' title='bbox 73 1963 205 2000; x_wconf 85' lang='lat' dir='ltr'><strong>Herm.</strong></span> <span class='ocrx_word' id='word_1_177' title='bbox 224 1967 331 2004; x_wconf 88' lang='lat' dir='ltr'><strong>Both.</strong></span> <span class='ocrx_word' id='word_1_178' title='bbox 352 1972 439 2006; x_wconf 86' lang='lat' dir='ltr'><strong>RW</strong></span> <span class='ocrx_word' id='word_1_179' title='bbox 457 1975 545 2011; x_wconf 82' lang='lat' dir='ltr'><strong>have</strong></span> <span class='ocrx_word' id='word_1_180' title='bbox 563 1981 678 2016; x_wconf 86' lang='lat' dir='ltr'><strong>virtus</strong></span> <span class='ocrx_word' id='word_1_181' title='bbox 694 1985 801 2021; x_wconf 80' lang='lat' dir='ltr'><strong>decus.</strong></span> 
     </span>
    </p>
   </div>
   <div class='ocr_carea' id='block_1_11' title="bbox 119 2012 961 2075">
    <p class='ocr_par' dir='ltr' id='par_1_16' title="bbox 119 2012 961 2075">
     <span class='ocr_line' id='line_1_26' title="bbox 119 2012 961 2075; baseline 0.036 -32"><span class='ocrx_word' id='word_1_182' title='bbox 119 2012 176 2045; x_wconf 91' lang='lat'><strong>60.</strong></span> <span class='ocrx_word' id='word_1_183' title='bbox 226 2027 298 2068; x_wconf 64' lang='lat' dir='ltr'><strong>asu,</strong></span> <span class='ocrx_word' id='word_1_184' title='bbox 317 2028 357 2052; x_wconf 90' lang='lat' dir='ltr'><strong>so</strong></span> <span class='ocrx_word' id='word_1_185' title='bbox 374 2019 559 2075; x_wconf 33' lang='lat' dir='ltr'><strong>the-MSS.</strong></span> <span class='ocrx_word' id='word_1_186' title='bbox 638 2041 734 2064; x_wconf 85' lang='lat' dir='ltr'><strong>usum</strong></span> <span class='ocrx_word' id='word_1_187' title='bbox 753 2032 880 2070; x_wconf 84' lang='lat' dir='ltr'><strong>Lamb.</strong></span> <span class='ocrx_word' id='word_1_188' title='bbox 901 2038 961 2074; x_wconf 91' lang='lat' dir='ltr'><strong>W.</strong></span> 
     </span>
    </p>
   </div>
   <div class='ocr_carea' id='block_1_12' title="bbox 43 2059 1603 2785">
    <p class='ocr_par' dir='ltr' id='par_1_17' title="bbox 60 2059 1603 2283">
     <span class='ocr_line' id='line_1_27' title="bbox 117 2059 1603 2147; baseline 0.036 -57"><span class='ocrx_word' id='word_1_189' title='bbox 117 2059 174 2092; x_wconf 90' lang='lat'><strong>61.</strong></span> <span class='ocrx_word' id='word_1_190' title='bbox 221 2068 272 2096; x_wconf 78' lang='lat' dir='ltr'><strong>tta</strong></span> <span class='ocrx_word' id='word_1_191' title='bbox 306 2065 387 2098; x_wconf 86' lang='lat' dir='ltr'><strong>haec</strong></span> <span class='ocrx_word' id='word_1_192' title='bbox 420 2075 517 2113; x_wconf 71' lang='lat' dir='ltr'><strong>tigna</strong></span> <span class='ocrx_word' id='word_1_193' title='bbox 550 2073 683 2109; x_wconf 82' lang='lat' dir='ltr'><strong>humide</strong></span> <span class='ocrx_word' id='word_1_194' title='bbox 707 2086 837 2123; x_wconf 81' lang='lat' dir='ltr'><strong>putent,</strong></span> <span class='ocrx_word' id='word_1_195' title='bbox 872 2094 912 2118; x_wconf 91' lang='lat' dir='ltr'><strong>so</strong></span> <span class='ocrx_word' id='word_1_196' title='bbox 939 2087 1083 2124; x_wconf 88' lang='lat' dir='ltr'><strong>Camer.</strong></span> <span class='ocrx_word' id='word_1_197' title='bbox 1162 2095 1213 2129; x_wconf 86' lang='lat' dir='ltr'><strong>ita</strong></span> <span class='ocrx_word' id='word_1_198' title='bbox 1248 2098 1327 2133; x_wconf 84' lang='lat' dir='ltr'><strong>haec</strong></span> <span class='ocrx_word' id='word_1_199' title='bbox 1363 2103 1459 2147; x_wconf 85' lang='lat' dir='ltr'><strong>tigna</strong></span> <span class='ocrx_word' id='word_1_200' title='bbox 1495 2110 1603 2142; x_wconf 72' lang='lat' dir='ltr'><strong>umiae</strong></span> 
     </span>
     <span class='ocr_line' id='line_1_28' title="bbox 60 2107 1600 2193; baseline 0.035 -58"><span class='ocrx_word' id='word_1_201' title='bbox 60 2110 188 2147; x_wconf 85' lang='lat' dir='ltr'><strong>putant</strong></span> <span class='ocrx_word' id='word_1_202' title='bbox 215 2107 262 2142; x_wconf 93' lang='lat' dir='ltr'><strong>D.</strong></span> <span class='ocrx_word' id='word_1_203' title='bbox 327 2119 448 2156; x_wconf 83' lang='lat' dir='ltr'><strong>putent</strong></span> <span class='ocrx_word' id='word_1_204' title='bbox 472 2115 499 2149; x_wconf 88' lang='lat' dir='ltr'><strong>is</strong></span> <span class='ocrx_word' id='word_1_205' title='bbox 525 2116 620 2153; x_wconf 91' lang='lat' dir='ltr'><strong>from</strong></span> <span class='ocrx_word' id='word_1_206' title='bbox 646 2133 666 2156; x_wconf 86' lang='lat' dir='ltr'><strong>a</strong></span> <span class='ocrx_word' id='word_1_207' title='bbox 691 2129 899 2164; x_wconf 85' lang='lat' dir='ltr'><strong>correction</strong></span> <span class='ocrx_word' id='word_1_208' title='bbox 926 2132 961 2166; x_wconf 93' lang='lat' dir='ltr'><strong>in</strong></span> <span class='ocrx_word' id='word_1_209' title='bbox 989 2134 1054 2170; x_wconf 93' lang='lat' dir='ltr'><strong>Bb.</strong></span> <span class='ocrx_word' id='word_1_210' title='bbox 1104 2140 1155 2173; x_wconf 85' lang='lat' dir='ltr'><strong>ita</strong></span> <span class='ocrx_word' id='word_1_211' title='bbox 1181 2142 1261 2176; x_wconf 80' lang='lat' dir='ltr'><strong>haec</strong></span> <span class='ocrx_word' id='word_1_212' title='bbox 1311 2171 1319 2179; x_wconf 95' lang='lat'><strong>.</strong></span> <span class='ocrx_word' id='word_1_213' title='bbox 1346 2149 1465 2193; x_wconf 83' lang='lat' dir='ltr'><strong>tingna</strong></span> <span class='ocrx_word' id='word_1_214' title='bbox 1491 2156 1600 2189; x_wconf 85' lang='lat' dir='ltr'><strong>umide</strong></span> 
     </span>
     <span class='ocr_line' id='line_1_29' title="bbox 61 2152 1598 2246; baseline 0.034 -64"><span class='ocrx_word' id='word_1_215' title='bbox 61 2157 172 2193; x_wconf 86' lang='lat' dir='ltr'><strong>putan</strong></span> <span class='ocrx_word' id='word_1_216' title='bbox 190 2152 253 2189; x_wconf 91' lang='lat' dir='ltr'><strong>Ba.</strong></span> <span class='ocrx_word' id='word_1_217' title='bbox 325 2159 376 2193; x_wconf 89' lang='lat' dir='ltr'><strong>ita</strong></span> <span class='ocrx_word' id='word_1_218' title='bbox 401 2161 458 2195; x_wconf 80' lang='lat' dir='ltr'><strong>hec</strong></span> <span class='ocrx_word' id='word_1_219' title='bbox 480 2164 538 2209; x_wconf 64' lang='lat' dir='ltr'><strong>ita</strong></span> <span class='ocrx_word' id='word_1_220' title='bbox 570 2168 667 2212; x_wconf 85' lang='lat' dir='ltr'><strong>tigna</strong></span> <span class='ocrx_word' id='word_1_221' title='bbox 692 2173 808 2208; x_wconf 84' lang='lat' dir='ltr'><strong>umida</strong></span> <span class='ocrx_word' id='word_1_222' title='bbox 825 2183 952 2219; x_wconf 85' lang='lat' dir='ltr'><strong>putant</strong></span> <span class='ocrx_word' id='word_1_223' title='bbox 979 2181 1020 2216; x_wconf 92' lang='lat' dir='ltr'><strong>C.</strong></span> <span class='ocrx_word' id='word_1_224' title='bbox 1071 2183 1122 2216; x_wconf 90' lang='lat' dir='ltr'>W</span> <span class='ocrx_word' id='word_1_225' title='bbox 1140 2186 1202 2221; x_wconf 87' lang='lat' dir='ltr'><strong>has</strong></span> <span class='ocrx_word' id='word_1_226' title='bbox 1226 2191 1277 2224; x_wconf 86' lang='lat' dir='ltr'><strong>ita</strong></span> <span class='ocrx_word' id='word_1_227' title='bbox 1302 2194 1399 2237; x_wconf 86' lang='lat' dir='ltr'><strong>tigna</strong></span> <span class='ocrx_word' id='word_1_228' title='bbox 1424 2197 1504 2232; x_wconf 81' lang='lat' dir='ltr'><strong>haec</strong></span> <span class='ocrx_word' id='word_1_229' title='bbox 1521 2202 1598 2246; x_wconf 78' lang='lat' dir='ltr'><strong>h.p.</strong></span> 
     </span>
     <span class='ocr_line' id='line_1_30' title="bbox 67 2195 1595 2283; baseline 0.036 -55"><span class='ocrx_word' id='word_1_230' title='bbox 67 2195 100 2229; x_wconf 86' lang='lat' dir='ltr'>R</span> <span class='ocrx_word' id='word_1_231' title='bbox 117 2197 180 2232; x_wconf 85' lang='lat' dir='ltr'><strong>has</strong></span> <span class='ocrx_word' id='word_1_232' title='bbox 195 2200 246 2234; x_wconf 89' lang='lat' dir='ltr'><strong>ita</strong></span> <span class='ocrx_word' id='word_1_233' title='bbox 261 2204 358 2248; x_wconf 86' lang='lat' dir='ltr'><strong>tigna</strong></span> <span class='ocrx_word' id='word_1_234' title='bbox 375 2210 483 2243; x_wconf 80' lang='lat' dir='ltr'><strong>umide</strong></span> <span class='ocrx_word' id='word_1_235' title='bbox 499 2213 580 2246; x_wconf 83' lang='lat' dir='ltr'><strong>haec</strong></span> <span class='ocrx_word' id='word_1_236' title='bbox 588 2222 627 2258; x_wconf 88' lang='lat' dir='ltr'><strong>p.</strong></span> <span class='ocrx_word' id='word_1_237' title='bbox 756 2222 884 2266; x_wconf 81' lang='lat' dir='ltr'><strong>videor,</strong></span> <span class='ocrx_word' id='word_1_238' title='bbox 901 2235 942 2259; x_wconf 89' lang='lat' dir='ltr'><strong>so</strong></span> <span class='ocrx_word' id='word_1_239' title='bbox 956 2227 1100 2265; x_wconf 86' lang='lat' dir='ltr'><strong>Camer.</strong></span> <span class='ocrx_word' id='word_1_240' title='bbox 1173 2236 1269 2270; x_wconf 80' lang='lat' dir='ltr'><strong>video</strong></span> <span class='ocrx_word' id='word_1_241' title='bbox 1287 2237 1363 2275; x_wconf 90' lang='lat' dir='ltr'><strong>BC.</strong></span> <span class='ocrx_word' id='word_1_242' title='bbox 1435 2247 1529 2281; x_wconf 85' lang='lat' dir='ltr'><strong>vidio</strong></span> <span class='ocrx_word' id='word_1_243' title='bbox 1547 2248 1595 2283; x_wconf 86' lang='lat' dir='ltr'><strong>D.</strong></span> 
     </span>
    </p>

    <p class='ocr_par' dir='ltr' id='par_1_18' title="bbox 111 2245 1510 2331">
     <span class='ocr_line' id='line_1_31' title="bbox 111 2245 1510 2331; baseline 0.036 -55"><span class='ocrx_word' id='word_1_244' title='bbox 111 2245 168 2278; x_wconf 90' lang='lat'><strong>62.</strong></span> <span class='ocrx_word' id='word_1_245' title='bbox 216 2249 311 2283; x_wconf 86' lang='lat' dir='ltr'><strong>aedes</strong></span> <span class='ocrx_word' id='word_1_246' title='bbox 338 2250 453 2299; x_wconf 86' lang='lat' dir='ltr'><strong>(acc.)</strong></span> <span class='ocrx_word' id='word_1_247' title='bbox 480 2257 555 2292; x_wconf 91' lang='lat' dir='ltr'><strong>BZ.</strong></span> <span class='ocrx_word' id='word_1_248' title='bbox 629 2262 699 2296; x_wconf 80' lang='lat' dir='ltr'><strong>edes</strong></span> <span class='ocrx_word' id='word_1_249' title='bbox 726 2265 840 2302; x_wconf 92' lang='lat' dir='ltr'><strong>CDF.</strong></span> <span class='ocrx_word' id='word_1_250' title='bbox 976 2282 1132 2320; x_wconf 68' lang='lat' dir='ltr'><strong>perpetue</strong></span> <span class='ocrx_word' id='word_1_251' title='bbox 1157 2279 1369 2331; x_wconf 80' lang='lat' dir='ltr'><strong>(perpetuae)</strong></span> <span class='ocrx_word' id='word_1_252' title='bbox 1396 2288 1510 2327; x_wconf 89' lang='lat' dir='ltr'><strong>BDF.</strong></span> 
     </span>
    </p>

    <p class='ocr_par' dir='ltr' id='par_1_19' title="bbox 111 2291 1370 2367">
     <span class='ocr_line' id='line_1_32' title="bbox 111 2291 1370 2367; baseline 0.035 -44"><span class='ocrx_word' id='word_1_253' title='bbox 111 2291 168 2332; x_wconf 88' lang='lat'><strong>63.</strong></span> <span class='ocrx_word' id='word_1_254' title='bbox 218 2294 306 2338; x_wconf 82' lang='lat' dir='ltr'><strong>Quin</strong></span> <span class='ocrx_word' id='word_1_255' title='bbox 322 2310 395 2333; x_wconf 90' lang='lat' dir='ltr'><strong>cum</strong></span> <span class='ocrx_word' id='word_1_256' title='bbox 413 2301 475 2336; x_wconf 86' lang='lat' dir='ltr'><strong>the</strong></span> <span class='ocrx_word' id='word_1_257' title='bbox 493 2303 600 2341; x_wconf 85' lang='lat' dir='ltr'><strong>MSS.</strong></span> <span class='ocrx_word' id='word_1_258' title='bbox 675 2309 707 2343; x_wconf 91' lang='lat' dir='ltr'>R</span> <span class='ocrx_word' id='word_1_259' title='bbox 727 2314 834 2348; x_wconf 83' lang='lat' dir='ltr'><strong>omits</strong></span> <span class='ocrx_word' id='word_1_260' title='bbox 852 2317 953 2361; x_wconf 80' lang='lat' dir='ltr'><strong>Quin.</strong></span> <span class='ocrx_word' id='word_1_261' title='bbox 1028 2322 1078 2355; x_wconf 89' lang='lat' dir='ltr'>W</span> <span class='ocrx_word' id='word_1_262' title='bbox 1096 2325 1266 2364; x_wconf 86' lang='lat' dir='ltr'><strong>brackets</strong></span> <span class='ocrx_word' id='word_1_263' title='bbox 1283 2345 1370 2367; x_wconf 88' lang='lat' dir='ltr'><strong>cum.</strong></span> 
     </span>
    </p>

    <p class='ocr_par' dir='ltr' id='par_1_20' title="bbox 110 2337 1590 2423">
     <span class='ocr_line' id='line_1_33' title="bbox 110 2337 1590 2423; baseline 0.036 -55"><span class='ocrx_word' id='word_1_264' title='bbox 110 2337 167 2378; x_wconf 81' lang='lat'><strong>64.</strong></span> <span class='ocrx_word' id='word_1_265' title='bbox 216 2352 289 2375; x_wconf 87' lang='lat' dir='ltr'><strong>cum</strong></span> <span class='ocrx_word' id='word_1_266' title='bbox 307 2342 442 2391; x_wconf 89' lang='lat' dir='ltr'><strong>(quom)</strong></span> <span class='ocrx_word' id='word_1_267' title='bbox 469 2349 620 2388; x_wconf 89' lang='lat' dir='ltr'><strong>BCDZ.</strong></span> <span class='ocrx_word' id='word_1_268' title='bbox 716 2366 752 2392; x_wconf 84' lang='lat' dir='ltr'><strong>ut</strong></span> <span class='ocrx_word' id='word_1_269' title='bbox 768 2373 854 2396; x_wconf 87' lang='lat' dir='ltr'><strong>nunc</strong></span> <span class='ocrx_word' id='word_1_270' title='bbox 871 2377 956 2408; x_wconf 84' lang='lat' dir='ltr'><strong>sum,</strong></span> <span class='ocrx_word' id='word_1_271' title='bbox 974 2377 1015 2400; x_wconf 90' lang='lat' dir='ltr'><strong>so</strong></span> <span class='ocrx_word' id='word_1_272' title='bbox 1033 2369 1096 2404; x_wconf 89' lang='lat' dir='ltr'><strong>the</strong></span> <span class='ocrx_word' id='word_1_273' title='bbox 1115 2372 1221 2410; x_wconf 86' lang='lat' dir='ltr'><strong>MSS.</strong></span> <span class='ocrx_word' id='word_1_274' title='bbox 1280 2391 1364 2414; x_wconf 85' lang='lat' dir='ltr'><strong>nunc</strong></span> <span class='ocrx_word' id='word_1_275' title='bbox 1382 2389 1418 2415; x_wconf 88' lang='lat' dir='ltr'><strong>ut</strong></span> <span class='ocrx_word' id='word_1_276' title='bbox 1433 2395 1508 2418; x_wconf 84' lang='lat' dir='ltr'><strong>sum</strong></span> <span class='ocrx_word' id='word_1_277' title='bbox 1528 2385 1590 2423; x_wconf 86' lang='lat' dir='ltr'><strong>W.</strong></span> 
     </span>
    </p>

    <p class='ocr_par' dir='ltr' id='par_1_21' title="bbox 49 2383 1588 2496">
     <span class='ocr_line' id='line_1_34' title="bbox 109 2383 1588 2469; baseline 0.036 -54"><span class='ocrx_word' id='word_1_278' title='bbox 109 2383 166 2417; x_wconf 91' lang='lat'><strong>66.</strong></span> <span class='ocrx_word' id='word_1_279' title='bbox 215 2388 304 2422; x_wconf 87' lang='lat' dir='ltr'><strong>Arte</strong></span> <span class='ocrx_word' id='word_1_280' title='bbox 315 2397 533 2435; x_wconf 74' lang='lat' dir='ltr'><strong>gumnastica</strong></span> <span class='ocrx_word' id='word_1_281' title='bbox 550 2412 561 2441; x_wconf 86' lang='lat'><strong>‚·</strong></span> <span class='ocrx_word' id='word_1_282' title='bbox 588 2399 621 2433; x_wconf 93' lang='lat' dir='ltr'><strong>R</strong></span> <span class='ocrx_word' id='word_1_283' title='bbox 640 2401 808 2441; x_wconf 83' lang='lat' dir='ltr'><strong>brackets</strong></span> <span class='ocrx_word' id='word_1_284' title='bbox 825 2409 927 2445; x_wconf 90' lang='lat' dir='ltr'><strong>these</strong></span> <span class='ocrx_word' id='word_1_285' title='bbox 945 2415 1075 2454; x_wconf 77' lang='lat' dir='ltr'><strong>words.</strong></span> <span class='ocrx_word' id='word_1_286' title='bbox 1209 2423 1287 2467; x_wconf 86' lang='lat' dir='ltr'><strong>pila</strong></span> <span class='ocrx_word' id='word_1_287' title='bbox 1305 2439 1317 2468; x_wconf 87' lang='lat'><strong>,·</strong></span> <span class='ocrx_word' id='word_1_288' title='bbox 1342 2426 1478 2463; x_wconf 92' lang='lat' dir='ltr'><strong>BCDF</strong></span> <span class='ocrx_word' id='word_1_289' title='bbox 1499 2431 1588 2469; x_wconf 86' lang='lat' dir='ltr'><strong>have</strong></span> 
     </span>
     <span class='ocr_line' id='line_1_35' title="bbox 49 2427 1054 2496; baseline 0.037 -37"><span class='ocrx_word' id='word_1_290' title='bbox 49 2427 144 2470; x_wconf 86' lang='lat' dir='ltr'><strong>filia.</strong></span> <span class='ocrx_word' id='word_1_291' title='bbox 215 2434 288 2477; x_wconf 82' lang='lat' dir='ltr'><strong>pila</strong></span> <span class='ocrx_word' id='word_1_292' title='bbox 305 2446 453 2481; x_wconf 88' lang='lat' dir='ltr'><strong>appears</strong></span> <span class='ocrx_word' id='word_1_293' title='bbox 471 2443 506 2476; x_wconf 89' lang='lat' dir='ltr'><strong>in</strong></span> <span class='ocrx_word' id='word_1_294' title='bbox 524 2445 587 2479; x_wconf 88' lang='lat' dir='ltr'><strong>the</strong></span> <span class='ocrx_word' id='word_1_295' title='bbox 606 2451 744 2493; x_wconf 85' lang='lat' dir='ltr'><strong>margin</strong></span> <span class='ocrx_word' id='word_1_296' title='bbox 763 2453 805 2487; x_wconf 92' lang='lat' dir='ltr'><strong>of</strong></span> <span class='ocrx_word' id='word_1_297' title='bbox 819 2454 848 2488; x_wconf 94' lang='lat' dir='ltr'><strong>B</strong></span> <span class='ocrx_word' id='word_1_298' title='bbox 867 2459 938 2492; x_wconf 89' lang='lat' dir='ltr'><strong>and</strong></span> <span class='ocrx_word' id='word_1_299' title='bbox 956 2460 991 2493; x_wconf 91' lang='lat' dir='ltr'><strong>in</strong></span> <span class='ocrx_word' id='word_1_300' title='bbox 1012 2462 1054 2496; x_wconf 95' lang='lat' dir='ltr'><strong>Z.</strong></span> 
     </span>
    </p>

    <p class='ocr_par' dir='ltr' id='par_1_22' title="bbox 58 2477 1583 2604">
     <span class='ocr_line' id='line_1_36' title="bbox 107 2477 1583 2562; baseline 0.037 -55"><span class='ocrx_word' id='word_1_301' title='bbox 107 2477 163 2516; x_wconf 90' lang='lat'><strong>67.</strong></span> <span class='ocrx_word' id='word_1_302' title='bbox 215 2478 247 2512; x_wconf 95' lang='lat' dir='ltr'>R</span> <span class='ocrx_word' id='word_1_303' title='bbox 265 2480 420 2519; x_wconf 88' lang='lat' dir='ltr'><strong>believes</strong></span> <span class='ocrx_word' id='word_1_304' title='bbox 436 2487 516 2523; x_wconf 89' lang='lat' dir='ltr'><strong>that</strong></span> <span class='ocrx_word' id='word_1_305' title='bbox 533 2502 633 2528; x_wconf 89' lang='lat' dir='ltr'><strong>some</strong></span> <span class='ocrx_word' id='word_1_306' title='bbox 651 2499 769 2533; x_wconf 86' lang='lat' dir='ltr'><strong>words</strong></span> <span class='ocrx_word' id='word_1_307' title='bbox 795 2500 884 2536; x_wconf 88' lang='lat' dir='ltr'><strong>have</strong></span> <span class='ocrx_word' id='word_1_308' title='bbox 903 2504 1066 2552; x_wconf 88' lang='lat' dir='ltr'><strong>dropped</strong></span> <span class='ocrx_word' id='word_1_309' title='bbox 1083 2516 1148 2546; x_wconf 88' lang='lat' dir='ltr'><strong>out</strong></span> <span class='ocrx_word' id='word_1_310' title='bbox 1168 2513 1263 2549; x_wconf 84' lang='lat' dir='ltr'><strong>after</strong></span> <span class='ocrx_word' id='word_1_311' title='bbox 1278 2531 1366 2562; x_wconf 77' lang='lat' dir='ltr'><strong>equa,</strong></span> <span class='ocrx_word' id='word_1_312' title='bbox 1385 2522 1456 2556; x_wconf 90' lang='lat' dir='ltr'><strong>and</strong></span> <span class='ocrx_word' id='word_1_313' title='bbox 1479 2527 1583 2561; x_wconf 87' lang='lat' dir='ltr'><strong>reads</strong></span> 
     </span>
     <span class='ocr_line' id='line_1_37' title="bbox 58 2522 1440 2604; baseline 0.036 -52"><span class='ocrx_word' id='word_1_314' title='bbox 58 2522 243 2558; x_wconf 80' lang='lat' dir='ltr'><strong>victitabat</strong></span> <span class='ocrx_word' id='word_1_315' title='bbox 259 2529 395 2570; x_wconf 84' lang='lat' dir='ltr'><strong>against</strong></span> <span class='ocrx_word' id='word_1_316' title='bbox 412 2533 456 2567; x_wconf 85' lang='lat' dir='ltr'><strong>all</strong></span> <span class='ocrx_word' id='word_1_317' title='bbox 473 2536 536 2571; x_wconf 87' lang='lat' dir='ltr'><strong>the</strong></span> <span class='ocrx_word' id='word_1_318' title='bbox 555 2538 659 2576; x_wconf 89' lang='lat' dir='ltr'><strong>MSS.</strong></span> <span class='ocrx_word' id='word_1_319' title='bbox 803 2550 906 2594; x_wconf 84' lang='lat' dir='ltr'><strong>volup</strong></span> <span class='ocrx_word' id='word_1_320' title='bbox 925 2551 1003 2588; x_wconf 90' lang='lat' dir='ltr'><strong>BR.</strong></span> <span class='ocrx_word' id='word_1_321' title='bbox 1100 2559 1219 2604; x_wconf 84' lang='lat' dir='ltr'><strong>volupe</strong></span> <span class='ocrx_word' id='word_1_322' title='bbox 1236 2562 1440 2602; x_wconf 87' lang='lat' dir='ltr'><strong>BcCDFZ.</strong></span> 
     </span>
    </p>

    <p class='ocr_par' dir='ltr' id='par_1_23' title="bbox 43 2569 1581 2785">
     <span class='ocr_line' id='line_1_38' title="bbox 101 2569 1581 2653; baseline 0.036 -54"><span class='ocrx_word' id='word_1_323' title='bbox 101 2569 155 2602; x_wconf 92' lang='lat'><strong>68.</strong></span> <span class='ocrx_word' id='word_1_324' title='bbox 204 2573 420 2612; x_wconf 86' lang='lat' dir='ltr'><strong>Parsimonia</strong></span> <span class='ocrx_word' id='word_1_325' title='bbox 452 2589 484 2615; x_wconf 85' lang='lat' dir='ltr'><strong>et</strong></span> <span class='ocrx_word' id='word_1_326' title='bbox 517 2584 648 2622; x_wconf 87' lang='lat' dir='ltr'><strong>duricia</strong></span> <span class='ocrx_word' id='word_1_327' title='bbox 687 2590 726 2625; x_wconf 91' lang='lat' dir='ltr'><strong>F.</strong></span> <span class='ocrx_word' id='word_1_328' title='bbox 798 2596 1033 2635; x_wconf 76' lang='lat' dir='ltr'><strong>parsimoniae</strong></span> <span class='ocrx_word' id='word_1_329' title='bbox 1067 2604 1213 2641; x_wconf 86' lang='lat' dir='ltr'><strong>eduritia</strong></span> <span class='ocrx_word' id='word_1_330' title='bbox 1248 2609 1289 2644; x_wconf 90' lang='lat' dir='ltr'><strong>B.</strong></span> <span class='ocrx_word' id='word_1_331' title='bbox 1363 2615 1581 2653; x_wconf 79' lang='lat' dir='ltr'><strong>Parsimonia</strong></span> 
     </span>
     <span class='ocr_line' id='line_1_39' title="bbox 51 2613 1576 2698; baseline 0.036 -54"><span class='ocrx_word' id='word_1_332' title='bbox 51 2613 199 2650; x_wconf 86' lang='lat' dir='ltr'><strong>eduricia</strong></span> <span class='ocrx_word' id='word_1_333' title='bbox 218 2618 308 2661; x_wconf 85' lang='lat' dir='ltr'><strong>CD;</strong></span> <span class='ocrx_word' id='word_1_334' title='bbox 333 2622 396 2658; x_wconf 88' lang='lat' dir='ltr'><strong>the</strong></span> <span class='ocrx_word' id='word_1_335' title='bbox 413 2625 522 2662; x_wconf 88' lang='lat' dir='ltr'><strong>latter</strong></span> <span class='ocrx_word' id='word_1_336' title='bbox 538 2630 600 2666; x_wconf 86' lang='lat' dir='ltr'><strong>has</strong></span> <span class='ocrx_word' id='word_1_337' title='bbox 617 2642 631 2667; x_wconf 90' lang='lat' dir='ltr'><strong>t</strong></span> <span class='ocrx_word' id='word_1_338' title='bbox 648 2634 707 2669; x_wconf 87' lang='lat' dir='ltr'><strong>for</strong></span> <span class='ocrx_word' id='word_1_339' title='bbox 723 2650 750 2672; x_wconf 90' lang='lat' dir='ltr'><strong>c.</strong></span> <span class='ocrx_word' id='word_1_340' title='bbox 848 2644 916 2677; x_wconf 85' lang='lat' dir='ltr'><strong>Per</strong></span> <span class='ocrx_word' id='word_1_341' title='bbox 931 2647 1074 2683; x_wconf 89' lang='lat' dir='ltr'><strong>simonia</strong></span> <span class='ocrx_word' id='word_1_342' title='bbox 1091 2658 1122 2685; x_wconf 87' lang='lat' dir='ltr'><strong>et</strong></span> <span class='ocrx_word' id='word_1_343' title='bbox 1139 2653 1269 2689; x_wconf 85' lang='lat' dir='ltr'><strong>duricia</strong></span> <span class='ocrx_word' id='word_1_344' title='bbox 1292 2657 1334 2692; x_wconf 93' lang='lat' dir='ltr'><strong>Z.</strong></span> <span class='ocrx_word' id='word_1_345' title='bbox 1477 2665 1576 2698; x_wconf 85' lang='lat' dir='ltr'><strong>disci-</strong></span> 
     </span>
     <span class='ocr_line' id='line_1_40' title="bbox 43 2659 1577 2754; baseline 0.037 -64"><span class='ocrx_word' id='word_1_346' title='bbox 43 2659 137 2703; x_wconf 85' lang='lat' dir='ltr'><strong>pline</strong></span> <span class='ocrx_word' id='word_1_347' title='bbox 160 2663 240 2697; x_wconf 88' lang='lat' dir='ltr'><strong>aliis</strong></span> <span class='ocrx_word' id='word_1_348' title='bbox 266 2665 354 2700; x_wconf 90' lang='lat' dir='ltr'><strong>BbF</strong></span> <span class='ocrx_word' id='word_1_349' title='bbox 358 2670 401 2704; x_wconf 91' lang='grc' dir='ltr'><strong>Ζ.</strong></span> <span class='ocrx_word' id='word_1_350' title='bbox 472 2676 574 2722; x_wconf 83' lang='lat' dir='ltr'><strong>discip</strong></span> <span class='ocrx_word' id='word_1_351' title='bbox 599 2679 733 2736; x_wconf 64' lang='lat' dir='ltr'><strong>li-nfali</strong></span> <span class='ocrx_word' id='word_1_352' title='bbox 756 2687 786 2719; x_wconf 85' lang='lat' dir='ltr'><strong>is</strong></span> <span class='ocrx_word' id='word_1_353' title='bbox 809 2686 851 2722; x_wconf 93' lang='lat' dir='ltr'><strong>B.</strong></span> <span class='ocrx_word' id='word_1_354' title='bbox 941 2693 1093 2739; x_wconf 88' lang='lat' dir='ltr'><strong>discipuli</strong></span> <span class='ocrx_word' id='word_1_355' title='bbox 1116 2700 1251 2735; x_wconf 84' lang='lat' dir='ltr'><strong>nealieis</strong></span> <span class='ocrx_word' id='word_1_356' title='bbox 1278 2703 1341 2739; x_wconf 84' lang='lat' dir='ltr'><strong>Ba.</strong></span> <span class='ocrx_word' id='word_1_357' title='bbox 1425 2709 1577 2754; x_wconf 83' lang='lat' dir='ltr'><strong>discipuli</strong></span> 
     </span>
     <span class='ocr_line' id='line_1_41' title="bbox 47 2718 1040 2785; baseline 0.037 -37"><span class='ocrx_word' id='word_1_358' title='bbox 47 2718 165 2752; x_wconf 86' lang='lat' dir='ltr'><strong>nealiis</strong></span> <span class='ocrx_word' id='word_1_359' title='bbox 183 2720 263 2755; x_wconf 92' lang='lat' dir='ltr'><strong>CD.</strong></span> <span class='ocrx_word' id='word_1_360' title='bbox 314 2724 397 2760; x_wconf 91' lang='lat' dir='ltr'><strong>The</strong></span> <span class='ocrx_word' id='word_1_361' title='bbox 415 2728 516 2774; x_wconf 87' lang='lat' dir='ltr'><strong>Vulg.</strong></span> <span class='ocrx_word' id='word_1_362' title='bbox 535 2733 597 2769; x_wconf 88' lang='lat' dir='ltr'><strong>has</strong></span> <span class='ocrx_word' id='word_1_363' title='bbox 612 2738 813 2785; x_wconf 85' lang='lat' dir='ltr'><strong>disciplinae,</strong></span> <span class='ocrx_word' id='word_1_364' title='bbox 832 2746 902 2780; x_wconf 88' lang='lat' dir='ltr'><strong>and</strong></span> <span class='ocrx_word' id='word_1_365' title='bbox 919 2759 959 2782; x_wconf 90' lang='lat' dir='ltr'><strong>so</strong></span> <span class='ocrx_word' id='word_1_366' title='bbox 978 2750 1040 2785; x_wconf 89' lang='lat' dir='ltr'><strong>W.</strong></span> 
     </span>
    </p>
   </div>
   <div class='ocr_carea' id='block_1_13' title="bbox 94 2765 1569 2853">
    <p class='ocr_par' dir='ltr' id='par_1_24' title="bbox 94 2765 1569 2853">
     <span class='ocr_line' id='line_1_42' title="bbox 94 2765 1569 2853; baseline 0.037 -58"><span class='ocrx_word' id='word_1_367' title='bbox 94 2765 150 2805; x_wconf 94' lang='lat'><strong>69.</strong></span> <span class='ocrx_word' id='word_1_368' title='bbox 202 2766 234 2800; x_wconf 92' lang='lat' dir='ltr'>R</span> <span class='ocrx_word' id='word_1_369' title='bbox 253 2768 420 2807; x_wconf 83' lang='lat' dir='ltr'><strong>brackets</strong></span> <span class='ocrx_word' id='word_1_370' title='bbox 437 2776 508 2812; x_wconf 90' lang='lat' dir='ltr'><strong>this</strong></span> <span class='ocrx_word' id='word_1_371' title='bbox 524 2779 607 2816; x_wconf 88' lang='lat' dir='ltr'><strong>line.</strong></span> <span class='ocrx_word' id='word_1_372' title='bbox 690 2791 882 2832; x_wconf 67' lang='lat' dir='ltr'><strong>expetebant</strong></span> <span class='ocrx_word' id='word_1_373' title='bbox 898 2808 921 2828; x_wconf 90' lang='lat' dir='ltr'><strong>a</strong></span> <span class='ocrx_word' id='word_1_374' title='bbox 939 2809 991 2830; x_wconf 85' lang='lat' dir='ltr'><strong>me</strong></span> <span class='ocrx_word' id='word_1_375' title='bbox 1006 2798 1194 2837; x_wconf 86' lang='lat' dir='ltr'><strong>doctrinam</strong></span> <span class='ocrx_word' id='word_1_376' title='bbox 1213 2803 1280 2839; x_wconf 93' lang='lat' dir='ltr'><strong>Bb.</strong></span> <span class='ocrx_word' id='word_1_377' title='bbox 1376 2812 1569 2853; x_wconf 80' lang='lat' dir='ltr'><strong>expetebant</strong></span> 
     </span>
    </p>
   </div>
   <div class='ocr_carea' id='block_1_14' title="bbox 41 2813 1566 2897">
    <p class='ocr_par' dir='ltr' id='par_1_25' title="bbox 41 2813 1566 2897">
     <span class='ocr_line' id='line_1_43' title="bbox 41 2813 1566 2897; baseline 0.037 -57"><span class='ocrx_word' id='word_1_378' title='bbox 41 2815 118 2887; x_wconf 54' lang='lat' dir='ltr'><strong>‘tiam</strong></span> <span class='ocrx_word' id='word_1_379' title='bbox 142 2813 347 2894; x_wconf 52' lang='grc' dir='ltr'><strong>ςᾱοεΐνίζιαηι</strong></span> <span class='ocrx_word' id='word_1_380' title='bbox 373 2819 471 2858; x_wconf 82' lang='lat' dir='ltr'><strong>BaC.</strong></span> <span class='ocrx_word' id='word_1_381' title='bbox 575 2832 769 2874; x_wconf 83' lang='lat' dir='ltr'><strong>expetebant</strong></span> <span class='ocrx_word' id='word_1_382' title='bbox 792 2850 851 2872; x_wconf 89' lang='lat' dir='ltr'><strong>am</strong></span> <span class='ocrx_word' id='word_1_383' title='bbox 875 2841 1080 2880; x_wconf 86' lang='lat' dir='ltr'><strong>edoctrinam</strong></span> <span class='ocrx_word' id='word_1_384' title='bbox 1106 2847 1154 2883; x_wconf 88' lang='lat' dir='ltr'><strong>D.</strong></span> <span class='ocrx_word' id='word_1_385' title='bbox 1275 2855 1468 2897; x_wconf 80' lang='lat' dir='ltr'><strong>expetebant</strong></span> <span class='ocrx_word' id='word_1_386' title='bbox 1491 2871 1566 2893; x_wconf 77' lang='lat' dir='ltr'><strong>eam</strong></span> 
     </span>
     <span class='ocr_line' id='line_1_44' title="bbox 66 2863 292 2897; baseline 0.035 -8"><span class='ocrx_word' id='word_1_387' title='bbox 66 2863 230 2895; x_wconf 85' lang='lat' dir='ltr'><strong>octrmam</strong></span> <span class='ocrx_word' id='word_1_388' title='bbox 282 2887 292 2897; x_wconf 89' lang='lat'><strong>.</strong></span> 
     </span>
    </p>
   </div>
   <div class='ocr_carea' id='block_1_15' title="bbox 1025 1744 1613 1824">
    <p class='ocr_par' dir='ltr' id='par_1_26' title="bbox 1025 1744 1613 1824">
     <span class='ocr_line' id='line_1_45' title="bbox 1025 1744 1613 1824; baseline 0.037 -28"><span class='ocrx_word' id='word_1_389' title='bbox 1025 1761 1053 1796; x_wconf 95' lang='lat' dir='ltr'><strong>B</strong></span> <span class='ocrx_word' id='word_1_390' title='bbox 1073 1763 1135 1799; x_wconf 89' lang='lat' dir='ltr'><strong>has</strong></span> <span class='ocrx_word' id='word_1_391' title='bbox 1157 1778 1204 1802; x_wconf 91' lang='lat' dir='ltr'><strong>on</strong></span> <span class='ocrx_word' id='word_1_392' title='bbox 1222 1770 1284 1805; x_wconf 91' lang='lat' dir='ltr'><strong>the</strong></span> <span class='ocrx_word' id='word_1_393' title='bbox 1302 1776 1441 1819; x_wconf 84' lang='lat' dir='ltr'><strong>margin</strong></span> <span class='ocrx_word' id='word_1_394' title='bbox 1459 1744 1613 1824; x_wconf 48' lang='lat' dir='ltr'><strong>{pazt-2,</strong></span> 
     </span>
    </p>
   </div>
   <div class='ocr_carea' id='block_1_16' title="bbox 760 2990 829 3022">
    <p class='ocr_par' dir='ltr' id='par_1_27' title="bbox 760 2990 829 3022">
     <span class='ocr_line' id='line_1_46' title="bbox 760 2990 829 3022; baseline 0.072 -5"><span class='ocrx_word' id='word_1_395' title='bbox 760 2990 829 3022; x_wconf 85' lang='lat' dir='ltr'><strong>C2</strong></span> 
     </span>
    </p>
   </div>
  </div>
 </body>
</html>
