1879 3248
250 301 267 328 1
277 300 301 331 2
675 286 878 326 PLAVTI
935 286 1345 326 MOSTELLARIA.

614 500 850 548 ACTVS
900 500 932 548 I.
1034 499 1273 547 SCENA
1321 498 1406 546 III.

380 633 661 673 PHJLEMA
672 633 736 670 TI
742 633 833 672 VM.
893 631 1140 672 SCAPHA.
1197 632 1346 670 PHIL
1354 631 1461 670 OLA
1472 629 1635 670 CHES.

301 757 388 796 PH.
422 753 680 808 Iampridem
711 757 878 793 ecastor
908 751 1064 806 frigida
1095 765 1183 792 non
1213 752 1300 791 lavi
1333 751 1469 804 magis
1499 751 1719 802 lubenter3

244 829 358 883 Nec,
388 841 517 882 quom
549 840 617 867 me
650 827 816 880 melius,
848 839 944 866 mea
974 825 1149 880 Scapha,
1180 839 1272 866 rear
1301 839 1391 866 esse
1423 825 1701 866 defaecatam.

301 904 374 944 SC.
407 902 597 943 Eventus
627 902 750 942 rebus
780 901 994 955 omnibus,
1026 900 1143 941 velut
1173 900 1307 941 horno
1339 901 1488 940 messis
1518 912 1674 954 magna

243 977 353 1017 Fuit.
435 979 520 1018 PH.
554 975 671 1032 Qd
702 988 753 1016 ea
783 976 933 1016 messis
964 975 1125 1015 attinet
1156 975 1209 1015 ad
1240 987 1382 1015 meam
1414 974 1713 1014 lavationem?

301 1054 373 1093 Sc.
406 1051 565 1091 Nihilo
592 1051 698 1105 plus,
719 1063 845 1104 quam
877 1050 1038 1090 lavatio
1068 1055 1142 1090 tua
1171 1049 1225 1090 ad
1255 1050 1444 1090 messim.
1505 1051 1638 1089 PHJL.
1671 1047 1713 1088 O

389 1126 531 1166 Venus
562 1131 756 1179 venusta,
1745 1133 1771 1177 5

242 1200 366 1241 Haec
398 1200 472 1240 illa
502 1205 567 1240 est
588 1204 821 1253 tempestas
852 1211 962 1252 mea,
985 1198 1091 1238 mihi
1120 1210 1226 1252 quae
1256 1197 1512 1238 modestiam
1537 1210 1712 1238 omnem

242 1274 437 1328 Detexit,
468 1280 607 1315 tectus
636 1286 718 1327 qua
749 1273 826 1327 fui,
857 1285 984 1326 quam
1017 1272 1124 1312 mihi
1158 1273 1292 1313 Amor
1321 1277 1364 1312 et
1394 1271 1563 1326 Cupido

243 1349 294 1389 In
337 1354 483 1403 pectus
524 1348 708 1402 perpluit
749 1360 926 1401 meum,
979 1360 1114 1400 neque
1157 1347 1244 1387 iam
1280 1359 1480 1400 umquam
1521 1346 1712 1401 optigere

414 1434 598 1475 possum.

241 1496 424 1537 Madent
458 1497 542 1535 iam
575 1496 622 1534 in
654 1494 776 1535 corde
809 1495 1014 1548 parietes:
1057 1495 1218 1548 periere
1250 1494 1353 1534 haec
1383 1493 1540 1547 oppido
1571 1494 1710 1534 aedes.

297 1573 381 1612 PH.
429 1569 706 1623 Contempla,
753 1569 920 1622 amabo,
965 1580 1061 1607 mea
1104 1567 1280 1622 Scapha,
1323 1568 1450 1608 satin'
1495 1568 1600 1608 haec
1643 1580 1711 1608 me

412 1645 545 1684 vestis
576 1643 739 1684 deceat.
1718 1655 1768 1683 10

238 1718 348 1759 Volo
380 1731 477 1758 meo
509 1718 673 1772 placere
705 1716 955 1771 Philolachi,
989 1729 1085 1756 meo
1116 1716 1267 1767 ocello,
1300 1729 1397 1756 meo
1427 1722 1619 1770 patrono.

297 1794 372 1834 Sc.
415 1792 532 1849 Qid
573 1797 619 1832 tu
660 1796 702 1832 te
744 1803 937 1845 exornas,
978 1791 1167 1831 moribus
1208 1790 1364 1844 lepidis
1403 1802 1531 1844 quom
1572 1790 1712 1845 lepida

413 1872 507 1907 tute
539 1865 616 1906 es?

238 1941 345 1982 Non
376 1946 542 1982 vestem
573 1945 784 1981 amatores
815 1945 963 1980 amant
995 1939 1185 1979 mulieris
1215 1938 1288 1979 sed
1319 1939 1453 1983 vestis
1483 1938 1652 1979 fartum.

290 2077 320 2098 2.
370 2077 465 2109 quom
498 2076 551 2097 me
582 2063 646 2097 the
673 2062 779 2096 MSS.
876 2064 962 2107 quod
991 2075 1044 2096 me
1078 2061 1122 2096 R.
1267 2075 1349 2097 rear
1379 2075 1447 2097 esse
1479 2064 1703 2107 defaecatam,
1728 2075 1768 2099 so

238 2113 384 2146 Camer.
435 2123 494 2145 rea
513 2123 565 2144 res
584 2135 592 2143 .
613 2135 621 2144 .
639 2111 677 2143 de
695 2109 858 2153 .ficatam
878 2110 940 2143 Ba.
990 2121 1072 2143 rear
1090 2135 1097 2143 .
1115 2121 1181 2142 esse
1198 2109 1236 2142 de
1255 2110 1418 2153 .ficatam
1437 2109 1504 2144 Bb.
1563 2111 1715 2154 deficat&
1732 2112 1767 2144 in

236 2168 349 2201 marg.
367 2157 409 2191 of
424 2157 466 2190 B.
540 2168 653 2190 reares
670 2156 861 2200 edificatam
881 2156 962 2190 CD.
1013 2157 1113 2200 *reris
1129 2156 1318 2200 edficatam
1340 2156 1380 2190 F.
1447 2169 1535 2191 reres
1552 2158 1704 2213 fdg'ficatd
1725 2158 1767 2192 Z.

286 2216 317 2294 ἐξ
336 2203 473 2293 ψωὲἔ
483 2202 546 2283 {³122
565 2247 672 2283 Mss,
753 2247 785 2282 R
804 2247 866 2282 has

424 2313 476 2346 Sc.
512 2312 674 2346 Eventus
699 2311 808 2345 rebus
833 2311 1028 2354 omnibust,
1054 2311 1153 2346 velut
1177 2311 1294 2346 horno
1321 2312 1445 2346 messis
1470 2317 1645 2356 magnast.

423 2360 488 2393 Ph.
513 2359 612 2404 Qid
638 2369 681 2393 ea
706 2369 791 2393 nam
816 2359 940 2393 messis
964 2359 1097 2393 attinet
1121 2358 1166 2393 ad
1192 2369 1312 2393 meam
1338 2359 1585 2396 lavationem?

235 2423 297 2467 W,
316 2422 500 2465 following
519 2423 726 2464 Saracenus,
745 2420 809 2455 has

425 2482 477 2515 Sc.
513 2480 676 2514 Eventus
700 2479 809 2513 rebus
834 2478 1002 2513 omnibus
1026 2478 1125 2512 velut
1151 2478 1265 2513 horna
1290 2479 1413 2514 messis
1438 2490 1567 2523 magna

379 2527 485 2561 Fuat.
581 2528 646 2561 Ph.
674 2526 772 2571 Qid
798 2537 840 2560 ea
865 2526 990 2560 messis
1015 2526 1148 2560 attinet
1173 2525 1218 2560 ad
1244 2536 1364 2560 meam
1389 2527 1638 2563 lavationem?

283 2601 316 2631 7.
366 2597 468 2624 tectus
483 2602 549 2634 qua
569 2590 612 2624 Z.
686 2589 819 2634 tectusq'
840 2589 908 2623 CD
915 2589 954 2623 F.
1029 2596 1130 2624 tectus
1147 2578 1208 2634 quss
1227 2589 1269 2623 B.
1413 2602 1514 2634 quam
1532 2592 1627 2635 mihi,
1644 2601 1685 2626 so
1701 2591 1764 2626 the

237 2637 343 2670 MSS.
416 2649 511 2681 quom
530 2638 614 2670 mihi
633 2636 677 2671 R.
1194 2640 1202 2649 ⁸

283 2686 316 2717 8.
365 2695 534 2727 umquam,
552 2693 592 2716 so
610 2683 651 2717 B.
725 2695 870 2727 unquam
891 2693 933 2716 or
949 2686 1072 2726 tiquam
1090 2682 1152 2716 the
1171 2686 1256 2717 rest.
1354 2696 1494 2728 usquam
1510 2685 1554 2728 R,
1581 2684 1764 2728 following

234 2729 373 2809 ecildal.
539 2730 685 2775 obtegere
704 2730 801 2764 RW.
851 2729 1018 2775 optingere
1036 2729 1077 2763 B.
1174 2730 1340 2775 obtingere
1358 2731 1473 2765 CDF.
1569 2731 1713 2777 obtigere
1732 2733 1760 2766 Z

270 2788 292 2810 u
306 2787 338 2819 g.
947 2779 955 2786 '

283 2835 315 2865 9.
365 2822 445 2856 haec
464 2821 608 2856 Camer.
681 2824 737 2857 hec
756 2822 797 2865 B,
815 2833 855 2856 so
872 2834 904 2856 v.
918 2835 974 2865 41.
1049 2824 1112 2857 hae
1129 2822 1192 2856 the
1210 2827 1285 2857 rest
1303 2823 1344 2857 of
1357 2824 1419 2858 the
1439 2824 1544 2858 MSS.
1563 2824 1667 2868 Vulg.

287 2881 301 2902 1
312 2881 341 2902 1.
400 2881 470 2902 meo
496 2869 642 2913 placere,
668 2880 708 2903 so
741 2870 803 2904 the
838 2870 944 2904 MSS.
1064 2883 1116 2903 me
1142 2870 1276 2914 placere
1312 2870 1409 2914 RW,
1435 2871 1619 2915 following
1652 2871 1761 2906 Both.

234 2915 434 2958 Philolachi,
460 2925 499 2949 so
526 2915 668 2949 Camer.
743 2916 826 2950 The
853 2917 957 2950 MSS.
983 2916 1072 2950 have
1099 2916 1330 2951 Philolacheti.

284 2973 337 3004 13.
387 2969 558 2997 amatores
583 2969 704 2997 amant
730 2963 892 3006 mulieris,
917 2973 958 2998 so
983 2963 1045 2997 the
1072 2962 1177 2997 MSS.
1274 2970 1443 2998 amatores
1469 2963 1618 2999 mulieris
1641 2973 1762 3000 amant
