1879 3248
527 196 705 234 ACTVS
745 195 818 233 ΙΙΙ.
892 195 1067 233 SCENA
1108 195 1157 232 II.
1539 206 1595 249 55

73 320 182 360 Inde
222 320 508 372 ferriterium3
558 294 874 375 postea—[Tit.
926 318 999 360 Pol
1050 330 1122 372 per
1165 323 1237 357 tua
1286 324 1329 356 te
1379 319 1541 374 g]enua

243 407 415 448 opsecro
1539 406 1564 448 5
1569 405 1595 448 5

73 468 146 507 Ne
175 467 383 507 indicium
408 467 508 506 hero
534 467 669 507 facias
698 480 806 509 meo.
885 469 949 508 81.
981 467 1015 508 Ε
1044 481 1128 521 me,
1150 480 1204 506 ne
1231 466 1331 519 quid
1362 471 1540 521 metuas,

244 541 306 580 nil
337 542 460 582 sciet.

131 619 210 657 TR.
260 615 458 670 Patrone,
505 616 630 658 salve.
751 618 817 656 SI.
875 616 958 656 Nil
1005 629 1144 656 moror
1190 617 1250 655 mi
1298 615 1539 655 istiusmodi

244 690 441 730 cluentis.

135 766 213 805 TR.
255 763 388 803 Nunc
419 764 513 817 hoc,
538 763 648 817 quod
679 763 731 804 ad
764 770 807 804 te
842 769 984 803 noster
1015 776 1083 803 me
1117 764 1237 803 misit
1269 776 1397 803 senex
1420 793 1428 802 .
1453 793 1462 802 .
1486 793 1495 802 .
1518 792 1527 802 .

132 840 196 879 SI.
239 837 338 878 Hoc
368 838 475 877 mihi
507 837 712 892 responde
744 839 943 891 primum,
972 837 1082 890 quod
1113 850 1192 890 ego
1222 842 1266 877 te
1297 850 1421 890 rogo:

74 911 164 952 Iam
194 912 246 951 de
278 912 374 951 istis
406 912 528 951 rebus
558 918 700 952 voster
730 911 831 965 quid
863 912 1000 951 sensit
1031 912 1192 952 senex?
1544 912 1598 951 60

136 987 215 1025 TR.
257 984 386 1023 Nihil
417 985 655 1037 quicquam.
744 986 808 1025 SI.
850 984 1073 1037 Numquid
1106 985 1343 1038 increpavit
1376 984 1540 1024 filium?

137 1061 218 1098 TR.
259 1056 371 1096 Tam
421 1057 605 1110 liquidus
655 1067 735 1110 est,
783 1069 909 1110 quam
961 1057 1122 1110 liquida
1172 1070 1262 1098 esse
1312 1063 1544 1111 tempestas

246 1130 367 1169 solet.

77 1205 207 1245 Nunc
239 1211 282 1244 te
314 1205 392 1244 hoc
425 1216 542 1244 orare
575 1204 699 1244 iussit
730 1216 856 1257 opere
887 1217 1098 1259 maxumo,

76 1278 133 1319 Vt
165 1279 248 1318 sibi
282 1278 428 1318 liceret
459 1278 670 1332 inspicere
701 1278 774 1318 has
805 1277 924 1318 aedis
953 1284 1060 1319 tuas.

134 1354 197 1394 SI.
240 1352 347 1392 Non
384 1358 483 1393 sunt
519 1352 705 1392 venales.
799 1354 880 1392 TR.
919 1351 1016 1392 Scio
1053 1352 1249 1405 equidem
1287 1353 1423 1406 istuc3
1468 1353 1541 1392 sed

247 1439 377 1466 senex
1544 1427 1569 1465 6
1574 1437 1600 1480 5

76 1501 354 1542 Gunaeceum
385 1501 602 1541 aedificare
638 1501 725 1542 volt
756 1501 826 1541 hic
858 1502 905 1540 in
936 1501 1038 1555 suis,

78 1575 131 1615 Et
162 1576 351 1615 balineas
383 1581 425 1615 et
455 1575 743 1615 ambulacrum
775 1581 817 1615 et
850 1575 1073 1628 porticum.

136 1651 200 1690 SI.
233 1648 350 1705 Qid
384 1648 498 1706 [ille]
533 1649 883 1689 consomniavit?
981 1651 1061 1689 TR.
1102 1647 1190 1701 Ego
1219 1648 1358 1689 dicam
1390 1650 1485 1689 tibi.

78 1723 192 1763 Dare
222 1723 312 1762 volt
344 1735 517 1762 uxorem
547 1721 650 1775 filio,
683 1728 888 1774 quantum
918 1727 1084 1775 potest:

80 1797 148 1837 Ad
179 1810 274 1837 eam
304 1810 394 1836 rem
424 1796 562 1837 facere
593 1797 682 1836 volt
714 1809 870 1836 novom
901 1809 1173 1850 gunaeceum.
1549 1808 1603 1849 70

80 1938 151 1972 and
171 1948 211 1971 so
230 1937 311 1980 CD,
330 1942 460 1981 except
477 1937 555 1971 that
573 1938 659 1982 they
676 1938 766 1971 omit
783 1938 845 1972 the
864 1937 939 1971 first
958 1939 1063 1981 venit,
1081 1938 1151 1972 and
1174 1938 1208 1971 D
1227 1938 1289 1972 has
1308 1951 1425 1972 ennua.
1479 1938 1520 1972 In
1541 1938 1602 1972 FZ

80 1985 166 2029 they
184 1995 244 2018 are
262 1984 344 2018 thus
362 1984 601 2018 corrected—

271 2048 393 2081 Herus
418 2058 568 2091 peregre
593 2047 701 2081 venit.
764 2049 808 2081 Si.
831 2047 934 2081 Tuus
961 2058 1017 2081 ne.
1077 2050 1132 2082 Tr.
1157 2049 1231 2082 Cor
1254 2048 1416 2082 tenditur

271 2094 360 2128 Inde
387 2094 470 2128 ferit
497 2095 627 2128 iterum
648 2120 655 2128 .
674 2099 799 2138 postea
823 2094 907 2128 hem
933 2095 1097 2129 obsecro.

82 2158 165 2192 The
195 2159 439 2202 supplements
468 2159 571 2202 given
603 2159 637 2192 in
667 2159 729 2192 the
759 2164 837 2192 text
867 2170 928 2193 are
962 2159 1066 2193 those
1096 2159 1136 2192 of
1170 2159 1318 2201 Ritschl,
1346 2159 1415 2192 and
1446 2169 1506 2192 are
1537 2159 1604 2192 less

82 2206 220 2284 νὶοὲεὲιῦ
236 2206 322 2239 than
348 2206 451 2239 those
476 2205 666 2248 suggested
687 2205 734 2249 by
759 2206 913 2248 Camer.,
940 2206 1010 2239 and
1035 2206 1138 2240 those
1164 2205 1321 2249 adopted
1349 2206 1383 2239 in
1410 2206 1472 2240 the
1500 2206 1602 2248 Vulg.

82 2263 126 2285 an
224 2278 232 2285 .

132 2301 187 2339 56.
235 2299 388 2332 inditium
408 2299 522 2332 CDF.
664 2301 743 2332 sciet
760 2299 860 2333 BbF.
932 2301 1018 2332 sciat
1036 2299 1171 2333 BaCD.
1243 2300 1303 2332 siet
1323 2299 1365 2333 Z.

132 2355 187 2386 57.
236 2345 360 2378 clientis
379 2344 493 2389 (acc.)
512 2345 555 2378 all
574 2350 704 2389 except
722 2346 785 2387 Ba,
803 2346 919 2380 which
938 2346 1000 2379 has
1017 2346 1158 2379 clientes.

133 2395 189 2432 58.
238 2404 288 2424 me
320 2393 422 2433 misit,
449 2402 489 2425 so
517 2392 620 2434 Vulg.
739 2405 842 2425 meme
875 2394 967 2426 misit
1001 2392 1115 2426 BCD.
1273 2391 1305 2425 R
1336 2391 1491 2426 believes
1524 2391 1604 2426 that

85 2437 289 2480 something
306 2438 367 2471 has
384 2437 491 2471 fallen
509 2443 572 2472 out
589 2438 683 2472 after
700 2450 731 2472 v,
747 2450 802 2480 59.

134 2486 190 2518 61.
239 2485 340 2517 Nihil
369 2486 541 2528 quicquam
564 2511 572 2518 .
594 2485 768 2528 IVumquid
801 2485 876 2518 FZ.
949 2485 1049 2518 Nihil
1078 2487 1250 2528 quicquam
1283 2498 1382 2519 unum
1416 2486 1494 2529 quid
1526 2485 1607 2518 BD.

86 2543 185 2564 unum
214 2531 293 2574 quid
318 2531 360 2573 C,
387 2531 555 2574 omitting
583 2531 669 2565 nihil
694 2533 867 2575 quicquam
897 2530 996 2574 here,
1023 2532 1094 2565 and
1123 2532 1294 2575 inserting
1324 2533 1351 2566 it
1380 2537 1418 2566 at
1445 2532 1507 2565 the
1537 2531 1609 2565 end

87 2577 129 2611 of
141 2577 203 2611 the
222 2576 403 2620 following
420 2577 502 2611 line.

135 2626 192 2657 62.
241 2624 380 2667 liquidus
412 2631 471 2666 est,
501 2634 541 2657 So
569 2624 712 2658 Camer.
785 2624 943 2668 liquidum
975 2631 1024 2658 est
1055 2624 1118 2658 the
1147 2624 1252 2659 MSS.
1394 2638 1495 2669 quam
1529 2623 1614 2657 nihil

87 2671 260 2714 quicquam
279 2670 308 2703 C
327 2674 363 2703 at
379 2669 441 2703 the
459 2670 530 2703 end
548 2669 589 2704 of
601 2671 663 2704 the
681 2671 763 2705 line.

137 2719 193 2758 64.
242 2718 303 2749 has
323 2716 363 2749 B.
436 2717 534 2750 hasce
551 2717 700 2751 CDFZ.
841 2718 908 2751 edis
929 2717 1045 2762 (acc.)
1064 2717 1145 2752 BD.

137 2765 193 2797 66.
244 2764 412 2796 Cineceum
438 2763 500 2797 Ba.
574 2764 751 2807 Gyneceum
778 2763 833 2797 Bb
857 2765 927 2798 and
953 2765 1015 2798 the
1045 2769 1119 2798 rest
1144 2764 1185 2798 of
1206 2764 1268 2798 the
1295 2763 1401 2797 MSS.
1543 2762 1612 2795 edi-

77 2810 190 2854 ficare
208 2810 284 2842 CZ.

139 2858 195 2890 68.
246 2856 337 2900 Quid
354 2854 452 2901 [ille],
471 2866 510 2889 so
530 2857 673 2890 Camer.
746 2857 829 2892 The
849 2857 953 2891 MSS.
972 2858 1062 2891 omit
1079 2857 1144 2891 ille.
1217 2858 1301 2890 Hem
1319 2856 1397 2899 quid
1416 2854 1459 2888 R.

139 2913 195 2943 70.
244 2915 369 2937 novum
382 2915 555 2947 gyneceum
572 2903 634 2937 the
654 2903 760 2938 MSS.
826 2917 1023 2948 gynaeceum
1042 2917 1162 2937 novom
1182 2903 1288 2937 Both.
1307 2902 1368 2935 W.
