1879 3248
516 288 693 327 ACTVS
734 288 784 326 ΙΙ.
861 288 1037 326 SCENA
1076 289 1129 327 ΙΙ.
1537 303 1590 344 33

60 412 202 466 Opere
231 424 366 465 orare,
398 416 444 450 ut
476 416 640 464 patrem
670 410 815 463 aliquo
845 415 1103 463 apsterreres
1133 409 1276 463 modo,

60 485 133 525 Ne
166 487 367 526 introiret
399 485 530 525 aedis.
625 487 706 525 ΤΚ.
739 483 858 541 Qin
889 484 1023 524 etiam
1057 483 1121 522 illi
1152 484 1232 524 hoc
1263 483 1415 538 dicito,

57 559 298 614 Facturum,
329 565 375 599 ut
406 572 460 598 ne
492 559 626 598 etiam
658 559 847 612 aspicere
878 557 997 597 aedis
1028 556 1198 611 audeat,
1534 570 1587 614 75

58 633 217 688 Capite
247 633 449 674 obvoluto
479 639 525 673 ut
556 632 708 686 fugiat,
741 644 836 672 cum
867 644 1033 671 summo
1063 637 1194 673 metu.

56 707 231 749 Clavim
261 707 367 748 cedo
397 713 523 760 atque
555 707 625 746 abi
657 706 761 747 hinc
793 707 922 759 intro,
956 711 1083 758 atque
1115 705 1289 746 occlude
1319 707 1493 761 ostium,

58 781 112 822 Et
145 793 222 834 ego
251 781 351 821 hinc
382 779 780 821 occludam—Iube
811 779 959 819 venire
991 793 1103 819 nunc
1136 780 1247 820 iam!

57 856 197 897 Ludos
228 868 304 909 ego
335 855 461 895 hodie
493 856 594 895 vivo
624 855 838 909 praesenti
869 854 939 894 hic
971 855 1065 894 seni

55 931 245 984 Faciam,
276 929 386 983 quod
418 929 542 969 credo
572 935 739 969 mortuo
770 941 1000 982 numquam
1032 928 1137 969 fore.
1531 930 1584 970 80

56 1003 305 1045 Concedam
337 1016 361 1043 a
391 1003 549 1043 foribus
581 1003 687 1056 huc,
728 1003 830 1042 hinc
861 1002 1106 1056 speculabor
1137 1003 1294 1057 procul,

56 1078 179 1119 Vnde
209 1077 464 1118 advenienti
497 1078 711 1118 sarcinam
743 1078 947 1130 inponam
979 1078 1086 1117 seni.

386 1348 625 1396 ACTVS
679 1349 744 1396 ΙΙ.
879 1348 1123 1396 SCENA
1178 1349 1242 1395 ΙΙ.

442 1498 565 1536 THE
573 1498 875 1538 VROPJDES.
939 1498 1048 1536 ΤΚΛ
1056 1498 1175 1536 NJO.

115 1637 194 1676 TH.
236 1634 405 1689 Habeo,
437 1634 658 1689 Neptune,
689 1636 871 1689 gratiam
903 1648 1100 1688 magnam
1130 1636 1232 1689 tibi,

52 1707 193 1765 Qom
224 1721 292 1748 me
323 1709 512 1749 amisisti
543 1722 568 1749 a
597 1715 641 1749 te
672 1710 744 1748 vix
775 1710 921 1749 vivom
952 1709 1103 1749 modo!

52 1781 209 1821 Verum
240 1783 275 1822 si
308 1783 483 1836 posthac
514 1795 582 1822 me
613 1782 764 1836 pedem
795 1783 929 1822 latum
961 1782 1088 1822 modo

50 1854 167 1895 Scies
197 1856 406 1909 inposisse
438 1855 484 1895 in
515 1855 697 1895 undam:
738 1855 846 1895 haud
878 1868 1002 1895 causa
1032 1855 1135 1895 ilico
1166 1861 1246 1908 est,

51 1928 176 1985 Qd
205 1942 317 1970 nunc
346 1928 521 1969 voluisti
552 1929 706 1983 facere,
738 1930 843 1982 quin
874 1929 1006 1970 facias
1037 1930 1159 1972 mihi.
1549 1938 1575 1983 5

98 2126 154 2157 73.
204 2123 295 2160 opere
314 2116 453 2151 DcFZ.
524 2124 610 2162 opete
628 2117 763 2152 BCDa.

98 2172 154 2203 74.
205 2161 356 2206 [Fleck.,
374 2163 445 2197 and
473 2163 504 2196 R
524 2164 579 2208 (in
597 2164 650 2198 his
668 2165 759 2198 later
776 2164 967 2210 volumes),
989 2165 1086 2207 Lor„
1106 2165 1175 2199 and
1202 2164 1336 2207 others,
1354 2163 1457 2198 write
1483 2164 1573 2197 intro

48 2209 98 2242 ire
114 2209 149 2242 in
166 2212 240 2243 two
257 2209 386 2244 words.
437 2210 519 2255 Ed.]
663 2212 754 2245 aedis
773 2212 918 2246 Camer.
989 2213 1085 2245 adest
1103 2212 1218 2246 BCD.

97 2265 154 2296 75.
201 2256 298 2289 hasce
313 2257 403 2290 aedis
424 2257 468 2299 R,
487 2258 621 2300 against
639 2258 701 2291 the
719 2258 825 2293 MSS.
967 2259 1087 2293 audiat
1106 2259 1169 2292 Ba.

97 2304 153 2342 76.
201 2315 274 2336 cum
291 2316 429 2345 summo,
447 2315 487 2337 so
504 2304 566 2338 the
585 2304 690 2338 MSS.
762 2318 891 2339 summo
908 2318 981 2339 cum
1002 2305 1096 2339 ZW.

96 2359 153 2389 77.
203 2350 249 2382 So
266 2349 327 2383 the
346 2350 452 2384 MSS.
523 2351 580 2384 abi
596 2352 671 2385 hinc
688 2353 797 2385 intro:
821 2352 947 2385 occlude
967 2353 1011 2386 R.
1085 2352 1135 2384 W
1153 2352 1261 2385 omits
1278 2352 1365 2385 hinc.

97 2398 153 2435 78.
201 2397 354 2429 nuntiam
373 2397 414 2438 C,
433 2396 490 2430 for
505 2410 590 2431 nunc
607 2399 689 2440 iam,
707 2398 777 2432 and
795 2399 896 2440 again
915 2411 946 2433 v.
966 2411 1007 2440 43
1029 2399 1063 2432 in
1083 2399 1220 2432 BaCD.

97 2451 153 2483 79.
194 2444 341 2486 presenti
358 2443 433 2477 BC.
574 2445 636 2486 hic,
655 2456 695 2478 so
712 2445 773 2479 the
793 2445 900 2481 MSS.
971 2447 1046 2479 huic
1067 2446 1110 2489 R,
1128 2445 1310 2488 following
1328 2445 1479 2489 Bentley
1498 2444 1570 2477 and

48 2487 182 2521 others.
322 2491 391 2523 seni
408 2489 474 2524 Bb.
545 2503 618 2524 sene
635 2491 770 2525 BaCD.

97 2537 152 2568 80.
200 2535 286 2578 quod
300 2536 392 2568 credo
411 2536 439 2568 B
458 2536 552 2570 after
568 2539 785 2580 correction,
806 2539 881 2573 FZ.
954 2552 1014 2583 quo
1031 2540 1071 2572 do
1087 2540 1144 2573 edo
1163 2540 1205 2572 C.
1277 2539 1435 2582 quodoedo
1455 2538 1502 2571 D.

97 2584 153 2615 82.
206 2583 372 2625 inponam,
389 2593 429 2616 So
447 2582 488 2617 B.

98 2709 129 2732 2.
169 2699 284 2752 'Quom
309 2712 370 2742 me,
395 2710 435 2734 so
460 2701 521 2734 the
548 2701 653 2736 MSS.
726 2703 891 2747 Quoniam
915 2704 1063 2738 Gruter.
1093 2704 1137 2738 R.
1279 2706 1425 2738 amisisti
1450 2718 1500 2737 me
1525 2704 1567 2737 R.

47 2758 70 2778 a
87 2752 118 2778 te
135 2758 210 2786 vix,
228 2756 268 2778 so
281 2746 383 2788 Vulg.
453 2748 502 2780 ad
516 2755 547 2781 te
563 2750 628 2782 vix
647 2748 760 2782 BCD.
832 2751 897 2784 vix
913 2764 936 2784 a
954 2758 985 2784 te
1002 2751 1126 2794 Pylad.
1142 2751 1202 2785 W.
1315 2753 1449 2793 vivom,
1468 2762 1507 2784 so
1527 2751 1566 2784 B.

98 2803 127 2833 3.
179 2793 309 2832 Verum,
327 2803 366 2825 so
384 2793 487 2836 Vulg.
561 2796 676 2828 Virum
695 2795 809 2830 BCD.

95 2851 127 2878 4.
177 2839 261 2871 Scies
290 2839 426 2873 DcFZ.
508 2841 575 2874 Sies
604 2841 738 2876 BaCD.
811 2845 899 2877 Sines
931 2844 997 2878 Bb.
1152 2846 1306 2888 inposisse
1332 2854 1374 2876 01·
1401 2844 1567 2886 imposisse

49 2883 196 2918 BCDZ.
276 2887 464 2929 imposuisse
491 2887 583 2921 FW.
723 2890 791 2923 hau
820 2890 876 2924 sor
903 2891 996 2924 haud
1020 2890 1177 2924 BaCDa.
1320 2890 1407 2923 illico
1431 2896 1479 2922 est
1504 2889 1565 2923 the

48 2930 153 2964 MSS.
226 2939 274 2964 est
290 2932 362 2964 ilico
383 2932 426 2966 R.
497 2941 545 2966 est
562 2935 647 2968 illico
665 2935 726 2970 W.

96 2989 126 3018 5.
165 2978 281 3020 fatias
302 2978 366 3013 Ba.

790 3056 810 3083 F
