1879 3248
254 180 304 220 28
693 181 894 220 PLAVTI
935 181 1339 221 MOSTELLARIA.

250 301 328 343 Sed
361 316 410 342 ea
440 303 548 358 lege,
580 310 625 344 ut
655 303 879 358 offigantur
910 305 974 344 bis
1006 305 1148 358 pedes,
1185 305 1250 344 bis
1281 304 1465 344 brachia.

252 375 336 416 Vbi
368 376 410 416 id
442 378 523 417 erit
553 377 729 432 factum,
761 391 787 417 a
817 390 886 417 me
917 384 1139 432 argentum
1170 379 1308 432 petito
1339 377 1688 431 praesentarium.

252 450 331 491 Sed
382 464 460 504 ego
513 464 663 491 sumne
716 452 791 491 ille
849 452 1018 506 infelix,
1067 453 1138 505 qui
1202 465 1289 492 non
1340 465 1460 493 curro
1517 451 1725 492 curriculo

426 525 631 566 domurn?
1731 535 1782 579 15

312 601 447 638 PHIL.
489 599 624 639 Adest
654 600 907 653 opsonium:
944 612 1106 653 eccum,
1137 599 1303 640 Tranio
1334 613 1359 639 a
1389 606 1511 654 portu
1543 600 1666 639 redit.

318 676 398 714 TR.
439 673 729 714 Philolaches!
818 677 954 714 PHJL.
997 673 1113 730 Qid
1146 675 1242 715 est?
1336 677 1416 715 TR.
1453 673 1543 729 [Et]
1573 686 1650 726 ego
1681 680 1724 713 et

429 754 475 787 tu
499 778 507 787 .
531 778 540 788 .
564 778 573 788 .
634 751 771 789 PHJL.
803 748 921 804 Qid
942 751 971 773 (ί
988 755 1030 788 et
1053 761 1130 801 ego
1151 754 1193 788 et
1215 748 1323 789 tu''?
1401 751 1479 788 TR.
1511 748 1723 789 Perimus!

313 823 450 861 PHJL.
482 821 598 877 Qid
631 822 724 863 ita?
817 824 897 863 TR.
943 822 1068 862 Pater
1098 821 1230 863 adest.
1329 824 1465 862 PHJL.
1502 821 1617 878 Qid
1649 830 1727 875 ego

431 908 482 935 ex
513 895 584 935 ted
615 896 772 936 audio?
865 899 946 938 TR.
988 896 1217 950 Apsumpti
1250 909 1405 935 sumus.

257 969 396 1025 Pater,
428 971 618 1025 inquam,
653 977 749 1011 tuus
779 972 914 1011 venit.
993 974 1078 1012 PH.
1112 970 1196 1011 Vbi
1230 972 1266 1011 is
1297 977 1376 1025 est,
1407 983 1579 1025 opsecro
1609 973 1673 1027 [te
1691 971 1728 1025 ?]

437 1048 516 1086 TR.
550 1045 697 1086 Adest.
786 1048 922 1085 PHIL.
954 1045 1108 1101 [Adest
1125 1047 1163 1100 ?]

258 1118 369 1175 Qis
411 1118 453 1158 id
495 1120 591 1160 ait?
635 1120 730 1172 quis
771 1119 914 1160 vidit?
1037 1122 1117 1160 TR.
1159 1119 1353 1174 Egomet,
1396 1120 1584 1173 inquam,
1621 1119 1728 1159 vidi.

433 1195 569 1233 PHJL.
603 1192 689 1233 Vae
721 1193 852 1234 mihi!
1733 1207 1788 1237 20

262 1266 377 1324 Qid
409 1280 486 1320 ego
516 1268 627 1321 ago?
750 1270 830 1308 TR.
874 1267 994 1308 Nam
1024 1267 1125 1321 quid
1156 1273 1218 1322 tn,
1250 1267 1424 1322 malum,
1456 1279 1525 1307 me
1557 1268 1730 1322 rogitas,

434 1341 537 1394 quid
569 1342 698 1394 agas?
776 1342 982 1382 Accubas.

320 1418 456 1455 PHIL.
474 1415 588 1455 Tun'
609 1415 759 1455 vidisti
777 1416 792 1456 Ρ
850 1418 889 1455 T
884 1427 929 1457 R.
952 1415 1148 1470 Egomet,
1170 1416 1356 1469 inquam.
1385 1418 1390 1423 '
1417 1419 1552 1456 PHJL.
1570 1415 1731 1457 Certe?

441 1492 522 1529 TR.
552 1489 744 1545 [Certe],
776 1491 962 1543 inquam.
1051 1493 1186 1530 PHJL.
1220 1489 1391 1544 Occidi,

262 1565 304 1606 Si
336 1571 380 1605 tu
413 1578 511 1604 vera
546 1579 768 1605 memoras.
863 1569 945 1607 TR.
982 1565 1098 1621 Qd
1139 1566 1247 1605 mihi
1290 1567 1347 1606 sit
1379 1566 1496 1619 boni,
1536 1567 1573 1606 si
1614 1579 1733 1606 men—

437 1640 552 1681 tiar?

317 1799 330 1821 1
341 1798 371 1829 3.
420 1788 600 1833 offigantur
617 1787 766 1821 BCDZ.
840 1788 1081 1834 obfringantur
1099 1789 1140 1823 F.
1213 1791 1399 1836 cgffigantur
1417 1790 1560 1824 Camer.
1575 1789 1679 1833 Vulg.

317 1846 370 1876 14.
411 1836 661 1878 presentarium
680 1835 721 1868 B.

317 1893 370 1922 15.
419 1894 534 1914 sumne
557 1881 611 1914 ille
635 1882 765 1924 infi’lix‚
791 1893 831 1915 50
856 1882 918 1916 the
945 1882 1050 1917 MSS.
1102 1883 1202 1917 Most
1229 1883 1323 1926 edd.,
1347 1883 1529 1927 following
1550 1883 1685 1928 Pylad.,
1702 1883 1794 1917 omit

266 1928 333 1962 ille.
385 1928 419 1961 It
437 1928 464 1961 is
483 1929 647 1962 retained
666 1929 701 1961 in
721 1929 824 1971 Vulg.

318 1976 371 2008 16.
423 1975 528 2008 Adest
547 2001 554 2008 .
575 2001 582 2009 .
602 2001 610 2009 .
628 1977 760 2018 Tranio,
779 1986 818 2009 50
835 1976 897 2009 the
916 1976 1022 2010 MSS.
1097 1977 1203 2009 Adest
1219 1977 1313 2010 adest
1331 1978 1478 2011 Gruter.
1539 1977 1683 2010 ‘Tandem
1701 1976 1796 2010 adest

268 2021 400 2056 Herm.
440 2062 457 2076 a
482 2023 537 2055 En
563 2023 658 2055 adest
688 2022 732 2056 R.
816 2023 921 2056 Adest
940 2049 947 2057 .
968 2048 976 2057 .
995 2048 1004 2057 .
1022 2025 1218 2057 ‘Tranionem
1247 2024 1308 2057 W.
1452 2025 1539 2057 redit
1565 2023 1632 2057 Bb.
1704 2023 1795 2057 aedit

268 2086 365 2119 BaC.
438 2086 506 2129 {dit
524 2085 572 2119 D.
644 2086 719 2119 adit
738 2086 813 2120 FZ.
887 2087 982 2119 venit
999 2086 1105 2120 codd.
1125 2086 1249 2130 Pylad.

320 2143 373 2172 17.
422 2133 513 2177 Quid
536 2135 609 2165 est?
641 2140 672 2165 et
697 2146 755 2177 ego
780 2141 812 2166 et
839 2140 885 2173 tu,
913 2144 953 2166 50
982 2134 1117 2166 Dousa.
1166 2133 1250 2166 The
1278 2133 1382 2167 MSS.
1404 2134 1494 2167 omit
1518 2140 1550 2166 et
1574 2132 1702 2166 before
1727 2145 1796 2177 ego.

262 2180 424 2223 perimus,
443 2190 482 2212 so
500 2179 543 2212 all
562 2180 624 2212 the
643 2179 761 2222 MSS„
780 2180 897 2213 which
916 2184 1055 2213 creates
1077 2191 1096 2212 a
1114 2179 1287 2224 difficulty
1305 2180 1339 2213 in
1358 2180 1419 2213 the
1438 2185 1567 2213 metre.
1632 2181 1796 2224 periimus

271 2225 369 2259 Rw.
420 2227 486 2259 See
505 2238 537 2259 V.
558 2229 613 2260 28.

322 2275 375 2305 18.
424 2273 518 2305 adest
537 2273 672 2306 BbFZ.
745 2273 879 2306 adatest
897 2272 959 2306 Ba.
1031 2273 1117 2306 adar
1133 2281 1181 2306 est
1200 2273 1242 2308 C.
1314 2274 1417 2307 adata3
1435 2274 1504 2307 Da.
1576 2262 1610 2307 α’
1624 2299 1632 2307 .
1649 2281 1707 2308 at(3
1724 2273 1797 2307 Db.

269 2331 311 2351 ex
329 2319 392 2360 ted,
411 2329 450 2351 50
470 2319 575 2353 Both.
648 2326 696 2352 ete
713 2319 829 2354 BCD.
898 2332 939 2352 ex
957 2326 988 2352 te
1007 2319 1082 2353 FZ.

323 2377 375 2406 19.
427 2365 486 2398 Vbi
514 2367 542 2398 is
571 2373 620 2398 est
648 2366 786 2400 obsecro.
862 2367 977 2407 Adest,
1010 2377 1050 2399 50
1084 2366 1146 2400 the
1181 2366 1286 2400 MSS.
1362 2367 1421 2400 Vbi
1453 2374 1501 2400 est
1534 2369 1562 2400 is
1596 2367 1723 2400 obsecro
1757 2374 1798 2400 te.

273 2411 349 2445 TR.
377 2413 483 2445 Adest
501 2413 644 2445 Caxner.
658 2413 761 2454 Vulg.
822 2413 882 2446 Vbi
901 2414 928 2445 is
946 2419 994 2445 est
1012 2413 1139 2446 obsecro
1157 2420 1198 2447 te.
1260 2413 1336 2447 TR.
1357 2415 1473 2448 Adest.
1536 2414 1648 2448 PHIL.
1669 2414 1800 2447 Adest?

274 2458 337 2491 W.
412 2458 472 2491 Vbi
488 2460 515 2491 is
532 2466 581 2491 est
598 2459 738 2492 obsecro.
788 2459 863 2493 TR.
893 2458 949 2505 [In
960 2466 1063 2503 portu
1079 2458 1167 2504 iam]
1186 2460 1281 2493 adest
1301 2460 1345 2494 R.

325 2517 380 2585 Ξῖ.
428 2505 567 2595 ἔξοῗὲἶ).
580 2552 715 2585 Dousa.
787 2565 892 2596 agam
908 2552 1089 2587 BCDFZ.
1234 2554 1328 2587 Nam
1346 2555 1432 2598 quid,
1451 2564 1490 2587 so
1506 2554 1641 2588 Dousa.
1706 2555 1799 2588 Num

275 2599 355 2642 quid
387 2598 568 2632 BCDFZ.
721 2601 849 2643 rogitas
884 2600 925 2634 B.
1004 2602 1124 2644 rogitet
1158 2600 1239 2634 CD.
1385 2600 1548 2643 Accubas,
1582 2612 1622 2635 50
1657 2601 1800 2635 Camer.

278 2645 454 2678 Accubcms
473 2645 500 2678 Β
507 2645 587 2678 CD.

326 2703 381 2725 22.
432 2692 509 2724 ‘Tun’
538 2692 658 2724 vidisti
687 2692 743 2725 Dc
773 2693 916 2727 Camer.
998 2696 1044 2726 ‘Tu
1071 2695 1207 2727 nuidisti
1234 2693 1274 2736 B,
1305 2694 1421 2728 which
1456 2695 1484 2727 is
1513 2694 1547 2727 in
1582 2694 1708 2738 reality
1738 2694 1800 2727 the

278 2749 388 2772 same.
438 2738 522 2771 The
547 2743 619 2771 rest
638 2738 679 2770 os
696 2739 756 2772 the
780 2739 884 2773 MSS.
903 2750 963 2773 are
986 2751 1088 2774 more
1106 2741 1198 2774 wide
1218 2740 1262 2774 of
1278 2741 1339 2774 the
1362 2742 1475 2775 mark.
1548 2742 1607 2774 ‘Tui
1626 2742 1741 2774 inuisti
1759 2741 1801 2774 C.

277 2788 368 2818 ‘Tuun
385 2786 506 2818 vidisti
524 2785 571 2818 D.
644 2786 690 2818 ‘Tu
706 2798 744 2819 en
762 2786 882 2819 vidisti
902 2787 976 2820 FZ.
1119 2788 1214 2821 Certe
1238 2795 1334 2821 certe.
1384 2788 1466 2821 The
1494 2788 1598 2821 MSS.
1622 2788 1713 2821 omit
1737 2787 1800 2820 the

277 2832 412 2865 second
426 2839 521 2873 certe,
533 2832 648 2865 which
664 2842 734 2864 was
752 2833 912 2876 supplied
931 2833 978 2877 by
993 2834 1147 2875 Camer„
1161 2834 1231 2867 and
1246 2834 1308 2867 has
1321 2834 1413 2868 been
1427 2834 1608 2877 generally
1622 2833 1798 2868 received.

329 2890 383 2920 23.
433 2880 588 2921 mentiar,
607 2889 646 2912 50
666 2878 788 2922 Pylad.
838 2879 920 2914 The
941 2880 1046 2914 MSS.
1064 2880 1152 2914 have
1171 2883 1339 2915 mentirer.
