1879 3248
218 189 272 242 56
656 188 855 227 PLAVTI
897 186 1305 226 MOSTELLARIA.

218 311 336 352 Nam
368 313 452 352 sibi
486 311 676 352 laudasse
707 312 830 352 hasce
860 313 922 352 ait
954 311 1292 352 architectonem

215 386 383 427 Nescio
411 399 553 440 quern,
583 399 674 426 esse
704 385 949 426 aedificatas
981 386 1054 425 has
1084 397 1186 425 sane
1219 384 1354 423 bene:

219 454 352 496 Nunc
382 456 483 496 hinc
511 455 750 509 exemplum
781 467 930 508 capere
961 454 1065 507 volt,
1098 453 1183 492 nisi
1216 459 1262 492 tu
1296 452 1419 492 nevis
1443 481 1452 490 .
1477 482 1486 491 .
1513 483 1520 491 .
1549 484 1555 491 .

216 528 367 568 *Nam
400 528 472 567 ille
504 540 555 567 eo
586 528 746 567 malum
777 527 878 567 hinc
908 539 1033 580 opere
1064 526 1304 579 exemplum
1336 526 1460 579 petit.

219 602 365 658 *Qia
387 608 449 642 est
478 601 671 641 auditum
697 614 788 641 esse
813 607 978 641 aestate
1004 600 1163 640 ibidem
1187 601 1350 640 victum
1376 599 1633 653 perbonum3
1695 608 1749 651 75

221 676 316 716 *Te
346 677 423 717 sub
453 676 542 716 sole
574 675 661 730 (diu
679 676 711 730 ?)
742 675 808 715 col
847 676 957 731 [ere]
991 687 1120 728 usque
1152 679 1397 728 perpetuom
1428 672 1557 712 diem.

279 753 344 792 SI.
393 749 488 790 [mo
537 749 687 805 edepol
737 761 852 804 vero,
896 762 1024 803 quom
1074 761 1366 802 usquequaque
1417 748 1562 788 umbra
1611 752 1692 800 est,

397 825 545 860 tamen

221 895 288 937 Sol
320 907 485 949 semper
514 894 586 935 hic
616 900 679 934 est
711 907 839 948 usque
870 907 895 934 a
924 895 1042 934 mani
1074 893 1125 933 ad
1157 905 1406 947 vesperum3

224 970 359 1026 Qasi
391 969 602 1023 flagitator
633 974 743 1009 astat
775 982 902 1022 usque
933 968 986 1008 ad
1017 969 1205 1021 ostium3

224 1045 324 1086 Nec
360 1044 467 1085 mihi
506 1045 654 1085 umbra
689 1056 864 1097 usquam
900 1049 979 1098 est,
1018 1043 1104 1084 nisi
1147 1044 1184 1082 si
1228 1043 1274 1082 in
1311 1046 1438 1096 puteo
1472 1041 1695 1095 quaepiam

396 1126 474 1161 est.
1699 1114 1753 1155 80

276 1271 332 1301 71.
382 1260 579 1294 laudavisse
598 1259 643 1294 R.
785 1260 884 1293 hasce
902 1258 943 1293 Β.
1010 1258 1093 1292 The
1112 1262 1185 1292 rest
1202 1257 1244 1291 of
1256 1256 1318 1290 the
1334 1256 1439 1290 MSS.
1454 1255 1544 1290 omit
1561 1255 1623 1289 the
1642 1255 1756 1289 word.

227 1308 481 1342 architectonem
500 1307 564 1340 Ba.
637 1307 888 1340 architectorem
907 1304 1080 1339 BbDFZ.
1153 1305 1455 1338 architectectorem
1475 1303 1518 1337 C.

278 1365 334 1395 72.
383 1367 450 1387 esse
465 1354 658 1398 aedificatas
678 1353 719 1387 Β.
784 1354 816 1387 A
835 1354 863 1387 is
880 1352 955 1386 said
973 1357 1011 1386 to
1029 1353 1118 1386 have
1138 1358 1507 1385 AEDIFICATASESSE.
1579 1348 1664 1383 The
1682 1352 1756 1382 rest

228 1401 270 1435 of
283 1401 345 1434 the
364 1400 470 1434 MSS.
488 1401 579 1434 omit
597 1413 674 1434 esse.

277 1458 332 1489 74,
352 1458 408 1489 75,
427 1449 483 1488 76.
533 1447 617 1481 The
642 1447 747 1480 MSS.
768 1446 855 1481 here
881 1457 942 1481 are
967 1444 1158 1489 miserably
1184 1443 1384 1478 mutilated.
1433 1443 1518 1476 The
1543 1442 1692 1485 reading
1717 1442 1752 1475 in

229 1495 272 1536 A,
291 1505 328 1528 as
344 1493 399 1528 far
416 1504 453 1527 as
471 1494 498 1527 it
515 1504 582 1527 can
599 1493 645 1527 be
667 1493 908 1537 decyphered,
926 1493 954 1527 is
974 1493 1036 1527 the
1058 1492 1250 1534 following,
1269 1491 1350 1525 dots
1366 1491 1474 1533 being
1495 1489 1621 1534 placed
1639 1489 1756 1523 under

228 1541 332 1575 those
349 1541 476 1575 letters
493 1540 610 1574 which
627 1550 688 1574 are
707 1540 873 1574 doubtful
887 1553 945 1575 :-—

401 1604 1016 1660 NAMILLEEOMAJLUMHINCOPERE
1067 1629 1075 1638 .
1127 1628 1136 1638 .
1187 1627 1195 1636 .
1246 1627 1254 1636 .

404 1675 1575 1729 QIAESTAUDIJ'U121ESSEAESTATEIBIDEMVlo'fLJnJPERBoNUM

404 1744 1331 1800 TlpsUBSOLECOLUMEMUSQUEPERPETUtimp-Iani.

232 1804 262 1838 Β
282 1803 393 1838 has—

387 1849 483 1884 Nam
504 1849 561 1884 ille
583 1860 628 1883 eo
649 1849 719 1884 mal
739 1875 746 1884 .
764 1860 813 1884 no
863 1875 871 1884 .
923 1875 931 1884 .
981 1874 990 1884 .
1039 1858 1150 1893 opere
1171 1852 1254 1882 exte
1276 1846 1483 1890 exemplum
1503 1845 1593 1889 petit

389 1925 485 1970 Qia
510 1924 568 1958 hic
587 1949 1070 1959 .........
1119 1926 1158 1957 ee
1184 1927 1345 1978 qstvate
1374 1899 1573 1976 perbonam

391 1999 526 2034 Subdiu
549 1999 605 2034 col
673 2024 1095 2034 ........
1168 2002 1384 2042 perpetuum
1405 1995 1513 2029 diem.

236 2074 278 2106 In
297 2084 328 2106 v.
345 2083 386 2114 74
407 2073 475 2106 CD
493 2086 528 2106 eo
545 2073 635 2106 malo
653 2072 846 2116 distinctly,
864 2072 934 2106 and
952 2072 1042 2105 omit
1058 2078 1142 2105 exte.
1213 2071 1255 2104 In
1273 2082 1304 2103 v.
1320 2081 1361 2111 75
1380 2082 1447 2102 esse
1462 2074 1566 2102 estate
1575 2067 1758 2112 perbonam

235 2121 304 2153 CD
324 2119 472 2163 (aestate
490 2119 552 2163 C).
629 2119 670 2152 In
689 2130 720 2152 ν.
737 2122 779 2159 76
803 2120 832 2152 C
851 2119 914 2152 has
934 2119 984 2151 col
997 2125 1192 2163 perpetuum
1215 2118 1311 2158 diem,
1333 2116 1484 2149 without
1507 2125 1576 2158 any
1598 2113 1699 2148 mark
1720 2112 1763 2147 of

234 2177 255 2200 a
272 2167 392 2200 blank.
467 2167 494 2199 F
501 2167 528 2199 Z
548 2170 715 2199 contract
733 2166 794 2199 the
812 2166 916 2199 three
934 2166 1022 2199 lines
1040 2166 1116 2198 into
1134 2169 1220 2206 two,
1238 2175 1275 2197 as
1292 2163 1430 2196 follows
1443 2173 1500 2197 :—-

415 2230 510 2264 Nam
529 2231 585 2264 ille
604 2231 697 2263 malo
715 2229 861 2273 quidem
879 2229 924 2263 ab
942 2239 1051 2272 opere
1070 2228 1275 2271 exemplum
1293 2227 1383 2270 petit

417 2278 511 2322 Qia
529 2277 586 2311 hic
604 2288 681 2311 esse
700 2280 811 2310 estate
829 2276 1028 2320 perbonam
1046 2275 1174 2309 subdiu
1195 2275 1246 2308 sol
1268 2275 1444 2318 perpetufi
1462 2272 1570 2306 diem.

239 2341 279 2384 F,
297 2341 476 2383 however,
494 2340 601 2374 omits
618 2340 756 2384 quidem.
832 2339 863 2372 R
883 2338 992 2372 has—

417 2403 463 2435 Si.
498 2401 553 2435 Ne
573 2402 628 2435 ille
647 2412 691 2435 ex
710 2402 805 2435 malo
823 2402 956 2435 malum
975 2401 1058 2435 hinc
1075 2411 1186 2444 opere
1205 2399 1411 2443 exemplum
1429 2398 1531 2443 petit.

417 2451 472 2483 Tr.
500 2449 596 2493 Qin
615 2453 716 2482 aestu
734 2448 867 2482 audivit
886 2458 963 2481 esse
982 2448 1029 2481 ibi
1048 2448 1182 2481 victum
1199 2447 1401 2491 perbonum

238 2543 288 2576 xv
305 2542 368 2577 has
502 2495 637 2529 Subdiu
655 2495 774 2529 colere
792 2500 829 2529 te
848 2505 961 2539 usque
979 2500 1193 2539 perpetuom
1211 2494 1319 2528 diem.

417 2590 462 2622 Si.
497 2588 575 2623 Nae
594 2589 663 2622 illic
681 2589 776 2623 malo
793 2588 940 2632 quidem
958 2588 1002 2622 ab
1020 2598 1130 2632 opere
1148 2588 1213 2622 sibi
1232 2587 1436 2631 exemplum
1455 2586 1556 2630 petit.

417 2638 473 2670 Tr.
500 2636 594 2680 Qia
611 2635 668 2669 hic
686 2636 818 2669 audivit
836 2646 912 2669 esse
930 2640 1104 2669 aestatem
1123 2635 1321 2679 perbonam

501 2682 636 2715 Subdiu
655 2683 722 2716 coli
741 2682 804 2715 has
820 2682 936 2716 solere
953 2687 1168 2726 perpetuum
1186 2682 1294 2723 diem,

237 2747 353 2782 which
371 2746 590 2790 approaches
608 2746 740 2789 closely
757 2750 796 2779 to
813 2745 875 2779 the
894 2746 997 2789 Vulg.

285 2815 340 2851 78.
390 2812 494 2852 mani,
512 2821 552 2844 so
571 2812 668 2843 Serv,
687 2810 743 2843 ad.
762 2810 859 2852 Virg.
878 2809 958 2842 AEn.
980 2809 1007 2842 Ι.
1032 2821 1083 2850 ¹9·
1155 2821 1253 2843 mane
1272 2807 1454 2842 BCDFZ.

285 2858 532 2938 79.t}l3c{ti11›n
571 2857 719 2899 CDFZ,
754 2856 824 2890 and
858 2867 889 2890 v.
924 2858 986 2890 106
1023 2856 1138 2890 DFZ.
1328 2861 1434 2896 astat,
1468 2863 1508 2886 so
1541 2852 1602 2886 the
1642 2851 1760 2892 MSS„

237 2915 351 2948 excep
455 2931 462 2939 .
