1879 3248
546 181 725 219 ACTvs
765 182 811 218 V.
885 181 1059 219 SCENA
1096 182 1147 219 11.
1550 183 1601 236 83

87 299 193 340 Non
224 300 424 341 radicitus
453 301 624 354 quidem
656 302 809 356 hercle,
840 314 985 341 verum
1017 304 1150 342 etiarn
1180 303 1422 345 eradicitus,

89 373 335 426 Numquam
366 374 514 427 edepol
544 374 647 415 haec
679 374 803 414 hodie
836 375 997 414 inultus
1026 374 1322 415 destinaveris.
1381 375 1486 415 Tibi

84 445 177 485 Iam
206 447 360 485 iubebo
390 447 535 499 ignem
567 453 609 486 et
640 459 821 500 sarmen,
852 447 1064 500 carnufex‚
1096 447 1357 487 circumdari.
1546 458 1600 500 50

146 521 226 560 TR.
277 519 351 558 Ne
400 519 535 560 faxis:
587 533 685 560 nam
735 520 870 560 elixus
920 533 1026 573 esse,
1074 533 1199 573 quarn
1248 533 1379 574 assus,
1428 518 1543 559 soleo

255 594 436 633 suavior.

147 668 225 706 TH.
257 665 459 720 Exempla
479 668 627 721 edepol
648 667 803 708 faciam
822 680 901 721 ego
924 669 970 707 in
990 675 1046 708 te.
1131 670 1211 707 ΤΚ.
1243 666 1358 722 Qia
1382 666 1541 720 placeo,

255 740 492 794 exemplum
523 743 699 795 expetis.

147 815 224 853 TH.
265 812 483 866 Loquere:
527 814 794 867 quoiusmodi
840 815 1007 868 reliqui,
1048 827 1175 868 quom
1215 815 1316 855 hinc
1356 814 1540 868 abibam,

253 886 418 929 filium?

146 963 225 1001 TR.
256 960 370 1001 Cum
400 962 588 1016 pedibus,
615 963 826 1016 manibus,
858 975 952 1003 cum
983 963 1148 1016 digitis,
1180 963 1362 1015 auribus,
1393 962 1540 1015 oculis,

254 1035 394 1074 labris.

144 1112 223 1150 TH.
267 1110 396 1150 Aliud
439 1117 483 1150 te
528 1123 639 1164 rogo.
733 1114 813 1150 TR.
861 1111 990 1150 Aliud
1033 1123 1130 1163 ergo
1181 1122 1293 1150 nunc
1341 1110 1424 1149 tibi
1476 1122 1539 1148 re-

253 1184 450 1237 spondeo.
1542 1193 1596 1236 55

79 1256 158 1297 Sed
189 1269 334 1297 eccum
364 1258 428 1296 tui
458 1257 576 1310 gnati
609 1256 796 1297 sodalem
827 1257 953 1297 video
983 1257 1061 1297 huc
1093 1256 1304 1309 incedere,

81 1329 440 1371 Callidamatem:
482 1331 558 1371 illo
590 1337 810 1384 praesente
842 1344 1007 1372 mecum
1044 1332 1174 1384 agito,
1206 1331 1242 1370 si
1274 1329 1374 1383 quid
1408 1329 1538 1369 voles.

127 1530 184 1568 48.
231 1528 408 1561 eradicitus
425 1528 487 1561 the
506 1528 622 1570 MSS„
640 1532 703 1561 not
720 1529 933 1570 exradicitus,
952 1539 988 1561 as
1009 1528 1039 1560 R
1060 1528 1120 1561 has
1140 1528 1175 1561 it.

127 1585 183 1615 49.
231 1586 410 1617 numquam
429 1574 469 1616 B,
488 1575 557 1607 and
574 1575 726 1617 perhaps
742 1574 805 1607 the
823 1579 907 1608 rest.

127 1631 183 1661 49,
203 1631 259 1661 50.
309 1621 430 1654 These
449 1621 536 1654 lines
556 1631 688 1664 appear
705 1621 739 1653 in
758 1631 778 1654 a
795 1620 968 1654 confused
989 1620 1059 1653 and
1077 1625 1225 1663 corrupt
1243 1619 1336 1653 form
1356 1619 1389 1652 in
1407 1619 1468 1652 the
1489 1618 1595 1653 MSS.

80 1665 108 1698 B
127 1666 236 1700 has—

265 1725 320 1756 Tr.
354 1723 561 1766 Numquam
587 1723 714 1766 edepol
740 1723 847 1756 hodie
873 1723 1006 1756 inditus
1031 1723 1211 1756 destinant
1237 1722 1313 1756 tibi.

266 1770 323 1803 Th.
353 1770 430 1803 Iam
456 1770 562 1803 iubeo
586 1770 705 1812 ignem
730 1774 767 1803 et
792 1780 933 1803 sarmen
959 1769 1118 1803 carnifex
1143 1769 1369 1810 circumdari,

78 1831 199 1866 where
228 1832 291 1866 the
318 1832 423 1866 other
450 1832 554 1866 MSS.
583 1833 671 1865 omit
705 1834 759 1866 Tr.
789 1832 859 1866 and
887 1833 944 1866 Th.
1019 1831 1163 1865 Instead
1190 1831 1232 1864 of
1255 1832 1378 1865 inditus
1407 1832 1475 1864 CD
1506 1832 1594 1865 have

77 1880 220 1912 invitus.
292 1880 371 1912 haec
393 1879 420 1912 is
445 1879 514 1912 due
535 1884 574 1912 to
595 1879 795 1920 Acidalius;
821 1879 942 1912 inultus
960 1883 1000 1911 to
1019 1879 1122 1919 Pius;
1147 1879 1371 1911 destinaverit
1387 1883 1426 1911 to
1445 1878 1593 1911 Camer-

77 1926 192 1968 arius;
217 1925 326 1958 iubebo
342 1930 382 1958 to
400 1925 562 1969 Pylades.
612 1925 791 1958 Different
808 1925 943 1959 editors
968 1925 1057 1958 have
1082 1924 1238 1968 adopted
1257 1925 1396 1958 various
1421 1925 1594 1958 emenda-

77 1972 182 2014 tions,
203 1971 247 2015 R,
265 1982 302 2005 as
318 1972 428 2014 usual,
445 1972 507 2005 the
526 1972 613 2005 least
630 1971 801 2014 probable
820 1971 861 2005 of
874 1972 929 2005 all.
1003 1971 1052 2003 W
1070 1971 1180 2004 has—-

263 2034 457 2078 Nunquam
486 2034 613 2078 edepol
639 2034 708 2068 hoc
733 2034 839 2067 hodie
866 2034 995 2067 inultus
1021 2033 1263 2067 destinaveris.
1312 2033 1398 2066 Tibi

266 2081 342 2115 Iam
367 2081 498 2114 iubebo
523 2081 643 2124 ignem
668 2085 705 2114 et
730 2085 920 2123 sarmenta,
946 2080 1130 2121 carnufex,
1156 2079 1383 2113 circumdari.

126 2155 181 2185 51.
229 2144 283 2177 Ne
289 2143 404 2186 faxis,
426 2156 506 2177 nam
525 2143 626 2177 BbZ.
698 2143 752 2176 Ne
757 2143 861 2185 faxis
879 2144 924 2176 sis
942 2155 1021 2176 nam
1042 2142 1177 2176 BaDF.
1238 2143 1342 2184 faxis
1365 2143 1410 2175 sis
1433 2154 1533 2175 unam
1553 2142 1596 2176 C.

76 2190 157 2223 soleo
175 2190 278 2233 Vulg.
349 2190 426 2224 solio
446 2189 601 2224 BaCDa.

124 2247 181 2277 52.
218 2237 353 2280 fatiam
381 2237 422 2271 B.
565 2237 653 2280 Quia
671 2235 796 2280 placeo,
822 2246 862 2269 so
886 2235 948 2269 the
976 2235 1080 2269 MSS.
1146 2234 1273 2279 placeo,
1297 2247 1331 2268 eo
1359 2234 1403 2277 R,
1429 2234 1595 2276 omitting

76 2295 165 2326 quta.

124 2340 181 2370 53.
228 2329 428 2372 quoiusmodi
446 2329 488 2362 C.
561 2340 592 2362 v.
613 2339 653 2369 53
673 2341 767 2372 quom
786 2328 827 2361 B.

125 2386 180 2416 54.
228 2376 341 2419 digitis
359 2376 462 2418 Vulg.
533 2375 641 2408 dicitis
660 2374 722 2408 Ba.
795 2375 900 2407 dititis
920 2374 989 2407 Da.

125 2432 182 2462 55.
229 2434 306 2466 ergo
323 2434 406 2455 nunc
425 2421 538 2455 CDF.
609 2433 666 2465 ego
683 2433 766 2454 nunc
785 2420 861 2454 BZ.
932 2432 1009 2464 ergo
1027 2432 1109 2453 nunc
1126 2433 1183 2464 ego
1202 2419 1247 2453 R.

126 2469 182 2508 56.
230 2480 337 2501 eccum
363 2470 412 2501 tui
431 2469 532 2512 gnati
552 2467 627 2500 FZ.
698 2467 778 2500 haec
801 2478 874 2499 cum
895 2468 944 2499 tui
962 2468 1079 2510 gnatis
1099 2466 1127 2498 B
1146 2466 1267 2511 (gnati
1286 2465 1372 2509 Bb).
1445 2465 1496 2497 hic
1522 2477 1595 2498 cum

531 2515 559 2532 tu

76 2546 114 2573 τᾶ
146 2539 253 2584 ignat’
282 2540 324 2574 C.
395 2541 524 2573 heccum
557 2541 569 2572 i
596 2539 695 2584 gnat’
723 2540 771 2572 D.
913 2539 1010 2571 video
1042 2539 1104 2572 huc
1137 2539 1199 2572 the
1230 2539 1335 2573 MSS.
1362 2537 1403 2571 of
1431 2538 1593 2581 Pylades.

76 2586 173 2639 video
205 2586 278 2619 huic
312 2586 426 2620 BCD.
514 2587 610 2619 video
642 2587 693 2618 hic
730 2585 804 2619 FZ.
898 2585 1018 2618 videod
1048 2585 1109 2618 huc
1143 2584 1266 2628 W(!).
1353 2585 1413 2617 huc
1454 2585 1502 2617 ad
1532 2596 1593 2616 vos

77 2633 181 2719 vage?
193 2632 320 2722 Rizgite
337 2679 417 2712 CD.

797 2919 875 2949 Ma).
