1879 3248
215 216 269 256 68
657 214 856 253 PLAVTI
897 211 1299 252 MOSTELLARIA.

281 341 359 380 TR.
401 338 518 397 Qin
564 351 642 393 ego
688 339 777 393 ipse
828 344 871 378 et
916 337 1179 378 Philolaches
1230 337 1275 375 in
1325 333 1494 388 publico
1539 332 1679 372 omnis

391 413 578 467 porticus

217 486 364 528 Sumus
395 487 643 527 commensi.
715 487 794 525 TH.
826 484 942 541 Qid
973 484 1134 538 igitur?
1202 485 1280 524 ΤΚ.
1314 482 1456 535 Longe
1487 480 1680 521 omnium

392 560 652 614 longissuma
683 566 759 599 est.

283 637 362 676 TH.
393 633 451 675 Di
485 632 763 686 immortales,
792 631 1063 687 mercimonii
1094 629 1246 684 lepidi!
1293 629 1371 685 [Si]
1404 628 1543 669 hercle
1572 639 1684 666 nunc

391 707 499 747 ferat

219 782 297 824 Sex
327 781 491 822 talenta
520 792 675 833 magna
705 779 871 832 argenti
903 791 978 833 pro
1007 778 1105 818 istis
1136 777 1438 831 praesentaria,
1693 787 1744 814 10

222 856 469 909 Numquam
505 854 728 908 accipiam.
823 855 902 893 TR.
943 851 986 893 Si
1023 851 1162 891 hercle
1198 851 1391 905 accipere
1422 849 1579 904 cupias,
1610 860 1687 901 ego

394 941 622 982 numquam
653 928 802 967 sinam.

285 1006 365 1044 TH.
409 1003 523 1044 Bene
554 1015 619 1042 res
651 1007 794 1042 nostra
825 1000 1045 1041 conlocata
1076 1005 1139 1039 est
1172 999 1279 1038 istoc
1311 998 1604 1038 mercimonio,

287 1081 366 1119 TR.
411 1076 487 1118 Me
534 1089 700 1118 suasore
751 1082 877 1129 atque
933 1074 1146 1128 inpulsore
1194 1073 1237 1113 id
1283 1072 1444 1113 factum
1493 1071 1691 1111 audacter

365 1140 371 1144 ⁶
396 1152 548 1206 dicito,

225 1226 311 1283 Qi
343 1226 503 1280 subegi,
535 1225 707 1265 faenore
738 1229 962 1277 argentum
994 1223 1046 1262 ab
1076 1221 1244 1261 danista
1274 1227 1320 1261 ut
1352 1225 1553 1273 sumeret,
1724 1273 1730 1279 η

224 1300 348 1358 Qod
399 1301 472 1340 isti
523 1299 717 1339 dedimus
767 1298 973 1338 arraboni.
1098 1298 1177 1335 TH.
1231 1294 1461 1336 Servavisti
1519 1305 1691 1333 omnem

398 1378 546 1413 ratem.
1700 1378 1751 1421 15

226 1448 399 1504 Nempe
429 1446 650 1499 octoginta
681 1445 886 1486 debentur
917 1444 1014 1484 huic
1043 1443 1219 1483 minae?
1299 1444 1378 1482 TR.
1411 1441 1537 1481 Haud
1566 1453 1694 1481 numo

397 1521 593 1574 amplius.

285 1598 364 1636 ΤΗ.
404 1594 548 1635 Hodie
586 1594 783 1648 accipiat.
879 1594 956 1633 ΤΚ.
1002 1591 1067 1631 Ita
1104 1591 1336 1644 enimvero,
1369 1603 1421 1630 ne
1453 1602 1535 1643 qua
1565 1602 1690 1630 causa

400 1669 578 1723 supsiet,

229 1743 308 1785 Vel
339 1743 444 1783 mihi
476 1742 782 1794 denumerat03
823 1752 902 1793 ego
934 1739 999 1779 illi
1032 1751 1154 1793 porro
1183 1739 1525 1779 denumeravero.

292 1820 372 1859 TH.
410 1818 468 1858 At
502 1818 619 1857 enim
651 1829 705 1856 ne
733 1814 834 1869 quid
861 1814 1055 1868 captioni
1085 1814 1190 1853 mihi
1219 1814 1293 1867 sit,
1319 1814 1354 1853 si
1384 1813 1573 1853 dederim
1601 1812 1696 1853 tibi.

293 1895 372 1935 TR.
430 1891 576 1945 Egone
631 1896 675 1931 te
730 1889 868 1930 ioculo
919 1888 1045 1929 modo
1099 1888 1237 1928 ausim
1287 1887 1405 1928 dicto
1458 1897 1531 1928 aut
1585 1886 1700 1927 facto

404 1966 582 2007 fallere?
1705 1974 1758 2004 20

295 2045 374 2082 ΤΗ.
407 2041 538 2094 Egon'
563 2053 638 2095 aps
669 2045 713 2080 te
743 2039 881 2079 ausim
911 2051 997 2078 non
1026 2050 1191 2092 cavere,
1217 2050 1270 2077 ne
1298 2036 1399 2090 quid
1431 2036 1700 2076 committam

404 2114 522 2154 tibi?

284 2271 316 2301 8.
366 2267 519 2299 Summus
538 2264 696 2306 BaCDa,
713 2274 757 2297 an
776 2262 920 2297 evident
937 2261 1102 2295 blunder.

285 2326 317 2357 9.
367 2314 401 2346 Si
426 2312 542 2354 hercle,
568 2321 608 2345 so
634 2312 778 2344 Camer.
851 2310 934 2343 The
961 2309 1067 2342 MSS.
1092 2308 1182 2341 omit
1212 2308 1257 2350 Si,
1283 2307 1353 2341 and
1384 2308 1410 2341 it
1442 2308 1481 2350 is,
1507 2307 1670 2351 perhaps,
1695 2311 1761 2341 not

237 2370 438 2403 necessary.
579 2358 794 2399 mercimonii,
812 2367 851 2390 so
868 2356 930 2389 the
950 2356 1054 2389 MSS.

289 2419 341 2441 11.
389 2407 564 2449 accipiam,
593 2415 633 2438 so
664 2405 806 2437 Camer.
879 2402 1013 2435 BCDF
1048 2402 1137 2435 have
1170 2403 1336 2446 acciffiem,
1368 2401 1485 2435 which
1518 2412 1600 2446 may
1633 2401 1679 2435 be
1713 2411 1758 2435 an

237 2455 380 2489 ancient
403 2452 510 2486 form.
582 2451 707 2494 Again,
725 2452 837 2494 cupias
857 2449 999 2483 Camer.
1072 2450 1175 2493 cupies
1199 2448 1261 2482 the
1280 2448 1385 2482 MSS.
1529 2449 1564 2482 Si
1586 2447 1702 2490 hercle,
1720 2458 1761 2481 so

237 2501 299 2535 the
318 2500 423 2533 MSS.
437 2499 478 2532 of
494 2498 616 2542 Pylad.
683 2497 766 2531 The
784 2497 863 2530 best
882 2496 987 2530 MSS.
1002 2506 1062 2529 are
1081 2500 1241 2539 corrupt.
1314 2496 1434 2529 Sierete
1452 2495 1493 2529 B.
1567 2496 1601 2528 Si
1617 2502 1702 2528 erete
1719 2494 1762 2528 C.

240 2549 274 2582 Si
290 2554 393 2581 erecte
412 2546 458 2579 D.

289 2606 301 2627 1
312 2605 342 2627 2.
391 2592 559 2625 conlocata
578 2591 658 2624 BD.

290 2652 343 2682 13.
391 2638 560 2683 impulsare
577 2638 650 2671 BC.
723 2636 886 2681 inpulsore
904 2636 951 2669 D.
1131 2655 1148 2674 A

291 2689 344 2721 16.
394 2687 480 2718 mine
498 2685 539 2717 C.
682 2685 749 2717 hau
767 2696 899 2717 nummo
917 2683 997 2716 CD.
1071 2684 1273 2716 hamzummo
1291 2682 1353 2716 Ba.

292 2746 343 2776 19.
392 2733 448 2774 sit,
466 2742 506 2764 so
525 2731 552 2763 B
573 2731 599 2763 is
617 2731 806 2764 corrected
824 2730 870 2774 by
888 2741 932 2763 an
951 2729 1010 2762 old
1029 2729 1135 2763 hand.
1207 2730 1265 2762 sed
1281 2729 1427 2762 BCDF.

280 2792 356 2861 12οὲ
395 2787 426 2812 te
453 2778 554 2811 ioculo
584 2777 638 2810 Bb
668 2777 737 2810 and
767 2777 828 2810 the
861 2777 966 2810 MSS.
996 2776 1037 2810 of
1067 2776 1191 2820 Pylad.
1264 2783 1295 2810 te
1322 2775 1424 2809 loculo
1455 2775 1625 2809 BaDFZ.
1699 2774 1763 2808 celo

239 2841 308 2862 cuo
362 2852 369 2860 .

292 2885 345 2954 ²11³·
395 2884 517 2906 cavere
549 2884 586 2905 nc
622 2870 649 2903 F
683 2870 754 2904 and
795 2870 857 2904 the
892 2870 996 2904 MSS.
1031 2869 1072 2903 of
1110 2869 1232 2914 Pylad.
1322 2882 1444 2903 cavere
1477 2870 1511 2902 ni
1545 2868 1658 2911 BCD,
1693 2867 1762 2901 and

240 2932 281 2957 So
347 2946 354 2954 .
