1879 3248
225 252 249 290 6
668 254 870 293 PLAVTI
912 254 1317 294 MOSTELLARIA.

287 382 373 421 GR.
415 379 571 419 Ervom
607 380 791 421 daturin'
827 383 947 435 estis,
982 382 1114 422 bubus
1147 382 1257 435 quod
1291 382 1456 423 feram?

226 453 341 494 Date
374 466 444 494 aes
477 454 513 493 si
545 466 633 494 non
666 456 783 495 estis.
846 456 992 510 Agite,
1024 469 1146 510 porro
1176 457 1355 511 pergite,
1705 458 1760 497 60

227 527 444 584 Qoniam
475 528 726 582 occepistis!
769 529 932 571 bibite!
974 530 1334 583 pergraecamini!

227 602 351 643 Este!
394 601 587 642 effercite
621 602 721 642 vos!
763 603 958 656 saginam
990 603 1182 644 caedite!

288 679 366 717 TR.
410 675 527 716 Tace
561 686 686 728 atque
717 676 787 715 abi
821 689 915 716 rus:
956 689 1035 729 ego
1068 677 1130 716 ire
1163 677 1210 716 in
1244 676 1439 717 Piraeum
1474 678 1587 731 volo,

227 751 278 790 In
310 761 532 803 vesperum
563 761 709 803 parare
742 750 954 803 piscatum
986 749 1109 791 mihi.

226 824 383 864 Ervom
414 824 497 864 tibi
529 823 685 876 aliquis
718 836 811 864 cras
841 823 938 864 faxo
970 823 1023 864 ad
1058 823 1208 864 villam
1238 823 1414 864 adferat.
1705 826 1760 879 65

225 897 341 955 Qid
372 898 469 938 est?
509 896 612 950 quid
644 902 691 937 tu
728 910 797 937 me
829 911 944 938 nunc
975 904 1165 952 optume,
1198 897 1402 939 furcifer?

287 975 373 1014 GR.
414 971 491 1012 Pol
521 972 604 1012 tibi
639 972 750 1012 istuc
781 971 906 1012 credo
937 985 1098 1012 nomen
1130 978 1323 1012 actutum
1357 971 1459 1013 fore.

289 1049 368 1087 TR.
412 1046 529 1086 Dum
561 1046 728 1086 interea
759 1047 823 1087 sic
854 1046 927 1100 sit,
962 1047 1071 1087 istuc
1105 1046 1382 1087 “actutum''
1419 1047 1528 1086 sino.

288 1123 373 1162 GR.
415 1119 481 1160 Ita
513 1126 606 1173 est3
648 1119 720 1160 sed
754 1133 886 1160 unum
917 1121 996 1161 hoc
1027 1121 1152 1174 scito,
1186 1122 1325 1160 nimio
1358 1121 1536 1161 celerius

227 1195 386 1236 Venire
409 1194 519 1248 quod
545 1194 774 1234 molestum
795 1201 876 1249 est,
898 1207 1023 1248 quam
1046 1194 1150 1234 illud
1172 1194 1281 1248 quod
1306 1194 1492 1248 ÷÷cupide
1513 1200 1643 1248 petas.
1707 1205 1760 1246 70

289 1272 369 1310 ΤΚ.
410 1268 622 1309 Molestus
655 1281 709 1308 ne
743 1269 829 1309 sis:
870 1281 984 1309 nunc
1017 1270 1103 1309 iam
1138 1270 1152 1308 i
1185 1282 1269 1323 rus,
1301 1275 1344 1308 te
1379 1281 1540 1308 amove.

226 1343 300 1383 Ne
333 1348 379 1383 tu
413 1355 539 1397 erres,
571 1343 725 1396 hercle,
758 1343 1003 1396 praeterhac
1037 1343 1143 1383 mihi
1180 1355 1266 1383 non
1299 1342 1431 1383 facies
1466 1354 1642 1383 moram.

275 1480 330 1510 59.
378 1480 497 1502 ervom
512 1467 554 1502 B.
619 1480 743 1501 ervum
757 1467 893 1500 BbFZ.
959 1479 1094 1501 servom
1111 1467 1173 1500 Ba.
1239 1479 1379 1500 servum
1395 1467 1476 1500 CD.
1596 1466 1759 1509 daturin’,

226 1526 266 1549 so
286 1515 410 1559 Pylad.
483 1514 567 1548 The
587 1514 692 1547 MSS.
711 1515 800 1547 have
819 1514 946 1547 daturi.
1092 1514 1204 1547 Bubus
1223 1513 1265 1547 B.
1339 1513 1448 1547 Bobus
1466 1513 1529 1547 the
1546 1517 1632 1547 rest.

274 1564 330 1596 60.
380 1563 474 1595 Date
496 1574 553 1595 aes
577 1563 607 1595 si
632 1574 695 1595 non
719 1562 807 1602 estis,
835 1571 875 1594 so
901 1561 1005 1603 Vulg.
1079 1560 1164 1593 The
1192 1560 1298 1594 MSS.
1324 1571 1385 1594 are
1412 1561 1457 1594 all
1483 1565 1632 1603 corrupt
1657 1560 1757 1594 here.

226 1610 326 1643 Data
350 1621 383 1642 es
407 1610 561 1642 inonestis
580 1608 621 1651 B,
639 1608 710 1641 and
730 1619 771 1641 so
789 1607 844 1640 Bb
862 1607 949 1640 with
972 1618 1016 1641 an
1035 1608 1058 1640 h
1075 1607 1188 1641 above
1210 1607 1272 1641 the
1298 1620 1326 1640 o.
1400 1608 1518 1640 Datae
1541 1609 1571 1640 si
1596 1620 1659 1640 non
1680 1608 1759 1640 estis

227 1656 290 1689 Bc.
363 1657 457 1690 Date
479 1668 512 1689 es
537 1656 703 1689 inhoneste
721 1655 762 1689 C.
836 1655 1149 1688 Dataesinhonestis
1168 1654 1216 1689 D.
1290 1655 1386 1688 Dato
1408 1666 1464 1688 aes
1484 1655 1662 1688 inhonestis
1682 1654 1710 1687 F
1716 1654 1759 1688 Z.

228 1703 260 1736 R
279 1703 343 1737 has
361 1702 586 1737 remodelled
603 1702 666 1736 the
683 1702 804 1736 line—

510 1760 619 1803 Date,
646 1760 675 1794 si
700 1770 773 1794 non
800 1759 906 1794 estis:
943 1757 1140 1804 [ceterum]
1169 1759 1263 1802 agite
1288 1759 1476 1803 pergite—

225 1820 347 1854 where
372 1819 419 1853 he
445 1819 629 1853 considers
653 1820 732 1852 estis
757 1829 794 1852 as
819 1818 1026 1861 equivalent
1051 1823 1090 1852 to
1115 1818 1223 1851 editis.
1297 1817 1348 1849 W
1374 1817 1437 1850 has
1460 1817 1553 1850 Date
1577 1829 1645 1859 aes,
1667 1818 1697 1850 si
1721 1829 1761 1850 ne

225 1869 314 1901 estis.
363 1867 437 1900 We
462 1866 552 1900 have
578 1865 743 1900 retained
767 1865 830 1899 the
850 1865 1014 1907 Vulgate,
1040 1865 1106 1898 but
1132 1865 1194 1898 the
1220 1869 1300 1898 text
1325 1869 1422 1897 must
1446 1864 1492 1897 be
1518 1863 1696 1906 regarded
1720 1874 1759 1898 as

226 1915 326 1958 quite
344 1914 544 1948 uncertain.
666 1913 728 1946 W.
748 1913 867 1956 places
885 1923 905 1945 a
921 1922 1066 1945 comma
1083 1911 1178 1945 after
1194 1913 1296 1956 agite,
1314 1911 1376 1945 the
1395 1911 1500 1953 Vulg.
1518 1910 1614 1944 after
1623 1918 1741 1955 porro.

275 1963 332 1996 61.
381 1962 548 2006 Quoniam
567 1960 609 1994 B.
683 1960 744 2004 qffo
770 1970 790 1993 a
815 1959 1043 1993 contraction
1065 1959 1123 1992 for
1143 1960 1298 2002 quoniam
1320 1959 1355 1991 in
1375 1958 1456 1991 CD.
1531 1958 1698 2002 Quomodo
1718 1957 1760 1992 F.

226 2008 331 2051 Vulg.
404 2009 475 2052 Quo
495 2007 590 2041 ZW.
735 2008 883 2051 occepisti
901 2007 982 2039 CD.
1126 2006 1225 2039 bibite
1242 2005 1306 2039 Bc.
1379 2005 1446 2038 bibi
1464 2004 1601 2038 BaCD.

275 2058 331 2089 62.
379 2056 532 2100 ffrcite,
562 2065 602 2088 so
631 2054 775 2087 Camer.
848 2053 932 2086 The
961 2053 1066 2086 MSS.
1093 2063 1154 2086 are
1180 2063 1266 2096 very
1295 2056 1456 2094 corrupt.
1528 2064 1562 2084 ec
1578 2051 1688 2094 ferite
1716 2050 1758 2084 B.

225 2102 368 2144 ecfer-ute
387 2101 489 2135 CDa.
554 2102 680 2146 cff’rite
698 2100 771 2133 Db.
837 2112 877 2133 ac
884 2099 993 2142 serite
1012 2100 1087 2133 FZ.
1155 2099 1187 2132 R
1206 2099 1327 2132 writes
1343 2099 1505 2141 ecfercite.
1637 2098 1760 2131 caedite

227 2148 269 2182 B.
342 2149 444 2181 cedite
462 2147 524 2180 the
543 2152 617 2181 rest
635 2147 677 2180 of
690 2147 752 2180 the
772 2146 878 2180 MSS.
953 2146 1037 2179 The
1056 2145 1206 2188 reading
1225 2146 1252 2178 is
1270 2150 1334 2178 not
1353 2144 1592 2188 satisfactory.

271 2197 328 2236 63.
377 2194 434 2228 abi
452 2207 509 2227 rus
528 2194 602 2227 BC.
675 2193 829 2226 abiturus
849 2192 930 2237 (Le.
947 2193 1005 2226 ahi
1022 2200 1058 2226 tu
1075 2192 1153 2236 rus)
1173 2193 1221 2226 D.
1295 2205 1352 2225 rus
1371 2192 1429 2225 abi
1447 2192 1604 2234 Camer.,
1619 2191 1725 2234 Vulg-

271 2243 328 2275 66.
378 2241 458 2284 quid
473 2248 509 2274 tu
528 2240 644 2274 CDZ.
665 2240 768 2282 Vulg.
784 2240 846 2274 W.
919 2240 1010 2283 quod
1024 2247 1060 2273 tu
1078 2239 1190 2273 BFR.
1334 2246 1463 2283 optuere
1480 2238 1521 2272 Β.

274 2290 331 2322 68.
380 2289 506 2321 interea
523 2289 580 2329 sic,
599 2298 639 2320 so
658 2287 796 2321 Muret.
815 2286 886 2320 and
904 2286 1032 2320 Lamb.
1105 2288 1250 2320 intereas
1268 2287 1315 2319 sic
1333 2285 1449 2320 BCD.

273 2337 329 2377 69.
379 2337 435 2368 Ita
451 2342 511 2376 est,
529 2345 569 2367 so
586 2334 648 2368 the
668 2334 773 2368 MSS.
849 2335 905 2367 Ita
909 2334 958 2378 fit
979 2333 1023 2376 R,
1042 2333 1195 2367 without
1213 2343 1354 2367 reason.

274 2392 330 2423 70.
382 2382 466 2415 The
485 2381 591 2415 MSS.
609 2381 698 2414 have

437 2439 571 2472 Venire
597 2438 696 2482 quod
722 2438 874 2472 moleste
900 2448 1009 2482 quam
1034 2437 1120 2471 illud
1146 2437 1244 2481 quod
1270 2437 1399 2481 cupide
1425 2441 1537 2480 petae,

225 2497 322 2541 (illuc
340 2510 399 2541 quo
417 2497 480 2530 Ba.
553 2496 630 2530 illuc
646 2497 732 2540 quod
748 2495 810 2540 C.)
887 2497 1002 2530 Venire
1021 2496 1107 2540 quod
1122 2495 1293 2529 molestum
1311 2502 1359 2528 est
1376 2507 1477 2539 quam
1495 2494 1533 2528 id
1546 2494 1632 2538 quod
1646 2494 1757 2538 cupide

218 2552 317 2590 petas
336 2544 458 2589 Pylad.
475 2544 578 2587 Vulg.
654 2543 716 2577 W.
735 2543 797 2576 has

438 2602 583 2644 Venire,
610 2601 709 2646 quod
735 2601 929 2635 molestum
955 2606 1021 2643 est,
1047 2611 1154 2645 quam
1183 2599 1267 2634 illud
1294 2599 1393 2644 quod
1418 2603 1530 2643 petas.

227 2660 271 2704 R,
289 2671 327 2695 as
345 2660 456 2704 usual,
474 2660 599 2694 makes
616 2670 719 2694 more
737 2660 872 2694 violent
891 2659 1106 2702 changes,—

508 2718 643 2752 Venire
669 2717 767 2762 quod
792 2722 832 2752 tu
859 2718 960 2760 nolis,
987 2727 1096 2761 quam
1122 2716 1200 2750 illut
1226 2715 1324 2760 quod
1349 2719 1462 2759 petas.

272 2786 327 2818 71.
379 2777 426 2810 So
454 2775 516 2810 the
545 2776 651 2809 MSS.
724 2789 807 2810 nunc
834 2777 904 2810 iam
935 2788 991 2809 rus
1019 2782 1050 2808 te
1075 2787 1197 2808 amove
1226 2774 1270 2808 R.
1343 2786 1426 2807 nunc
1451 2774 1522 2807 iam
1547 2773 1560 2806 i
1584 2783 1640 2805 rus
1667 2778 1756 2815 teque

223 2837 346 2858 amove
364 2824 508 2857 Camer.
527 2823 630 2865 vulg.
650 2823 711 2856 W.

272 2881 327 2911 72.
378 2871 425 2904 So
442 2870 504 2903 the
523 2869 641 2911 MSS„
655 2875 784 2912 except
802 2869 880 2903 that
899 2869 927 2902 B
943 2868 1005 2902 has
1016 2868 1195 2913 preter-hac
1214 2867 1442 2911 andfaciqes.
1559 2865 1695 2908 faciaes
1711 2864 1753 2898 C.

212 2919 331 2961 finias
353 2917 393 2952 F.
446 2917 497 2949 W
517 2917 633 2950 leaves
651 2921 714 2949 out
732 2916 848 2958 hercle,
868 2915 984 2950 which
1004 2926 1085 2959 may
1103 2915 1148 2948 be
1167 2914 1321 2948 omitted
1340 2915 1373 2947 in
1393 2913 1577 2955 scanning.
1639 2911 1671 2944 R
1691 2910 1753 2945 has

475 2974 530 3009 Ne
556 2980 596 3009 tu
622 2985 732 3017 erres,
759 2985 830 3008 non
859 2974 944 3008 mihi
970 2973 1181 3018 praeterhac
1208 2972 1317 3007 facies
1343 2982 1493 3006 moram.
