1879 3248
575 243 753 282 ACTVS
793 243 823 280 Ι.
897 242 1074 281 SCENA
1112 242 1163 279 ΙΙ.

1606 250 1626 290 ΧΪ

162 374 247 413 GR.
289 368 424 410 Satin'
458 368 583 422 abiit,
616 380 767 422 neque,
799 366 909 420 quod
941 366 1048 420 dixi,
1081 366 1202 406 flocci
1235 364 1495 405 existumat?

100 445 207 486 Proh
237 443 280 483 di
315 442 579 496 inmortales,
611 454 785 496 opsecro
818 446 1005 480 vostram
1037 439 1180 493 fidem,

102 518 264 571 Facite,
296 516 376 557 huc
406 521 452 556 ut
484 515 628 556 redeat
663 520 807 555 noster
837 526 964 567 quam
997 514 1183 568 primum
1219 524 1364 565 senex,
1582 520 1632 561 7!-

101 591 362 633 Triennium
394 590 465 643 qui
500 590 587 629 iam
617 589 719 629 hinc
751 589 887 642 abest,
920 588 1164 642 priusquam
1196 587 1343 627 omnia

101 665 283 718 Periere,
315 669 358 704 et
391 663 508 703 aedis
539 669 583 704 et
616 676 725 717 ager.
786 662 873 719 Qi
906 662 991 702 nisi
1023 662 1103 701 huc
1135 660 1261 714 redit,

103 739 333 780 Paucorum
368 749 563 777 mensum
596 743 695 778 sunt
728 736 903 777 relictae
935 735 1149 789 reliquiae.

105 813 237 853 Nunc
270 824 336 852 rus
367 812 520 852 abibo:
563 824 662 851 nam
695 823 841 852 eccum
873 810 1052 849 herilem
1084 809 1217 849 filium

106 886 259 941 Video,
294 891 536 940 corruptum
571 898 623 925 ex
656 885 929 925 adulescente
961 890 1150 938 optumo.
1581 880 1634 918 80

486 1077 726 1124 ACTVS
776 1077 811 1124 I.
901 1075 1145 1123 SCENA
1194 1074 1259 1121 ΙΙ.

654 1207 918 1246 PHILOLA
929 1206 1092 1246 CHES.

110 1321 372 1362 Recordatus
405 1322 585 1362 multum
616 1329 659 1363 et
693 1322 766 1363 diu
799 1323 1004 1375 cogitavi,

112 1396 455 1449 Argumentaque
488 1397 533 1435 in
566 1403 712 1450 pectus
747 1396 879 1436 multa
910 1395 1081 1435 institui

112 1468 216 1522 Ego,
247 1475 370 1522 atque
404 1470 449 1508 in
484 1482 580 1509 meo
611 1470 750 1523 corde,
783 1472 817 1510 si
853 1474 916 1509 cst
950 1468 1059 1521 quod
1095 1467 1199 1506 mihi
1235 1479 1320 1518 cor,

113 1541 218 1581 Eam
251 1555 339 1581 rem
370 1542 559 1583 volutavi
592 1550 636 1583 et
669 1543 741 1583 diu
773 1543 1006 1596 disputavi,

113 1614 348 1656 Hominem
380 1617 529 1668 quoius
560 1618 637 1670 rei,
668 1616 835 1670 quando
866 1622 989 1655 natus
1022 1620 1103 1667 est,
1613 1619 1638 1661 5

112 1687 307 1728 Similem
341 1701 431 1728 esse
464 1690 685 1729 arbitrarer
718 1689 1070 1740 simulacrumque
1103 1686 1265 1726 habere.

115 1760 163 1800 Id
194 1762 358 1815 repperi
392 1762 478 1802 iam
508 1763 761 1816 exemplum'.

117 1833 342 1874 Novarum
372 1835 540 1875 aedium
572 1849 664 1876 esse
695 1836 875 1876 arbitror
910 1834 1100 1875 similem
1131 1845 1210 1886 ego
1241 1832 1476 1884 hominem,

165 1980 221 2012 74.
269 1971 463 2004 inmortales
483 1971 524 2005 C.

166 2027 222 2057 77.
270 2018 337 2050 edis
379 2017 517 2062 (nom.)
553 2018 695 2052 BCFZ.
838 2018 898 2051 huc
941 2017 1025 2050 redit
1066 2016 1128 2049 the
1171 2015 1276 2048 MSS.
1366 2026 1448 2047 nunc
1484 2012 1569 2046 redit
1598 2010 1642 2044 R.

120 2062 151 2096 R
178 2074 348 2108 supposes
372 2065 450 2098 that
475 2076 495 2098 a
521 2065 591 2098 line
616 2065 678 2098 has
704 2063 810 2098 fallen
837 2068 901 2097 out
926 2063 1092 2097 between
1121 2073 1162 2102 77
1191 2061 1260 2095 and
1289 2064 1345 2101 78.

166 2114 222 2150 78.
273 2123 419 2144 mensum
438 2111 565 2145 Lamb.
638 2124 808 2145 mensuum
827 2111 941 2144 BCD.
1015 2110 1174 2143 mensium
1196 2109 1222 2142 F
1229 2109 1270 2142 Z.
1286 2108 1390 2150 Vulg.
1533 2105 1644 2139 relicte

118 2156 250 2200 reliquie
267 2157 364 2191 BaC.
624 2191 637 2205 c

168 2214 224 2246 79.
271 2217 379 2237 eccum
398 2204 547 2238 CDFZ.
619 2217 734 2248 equum
753 2204 795 2238 B.
868 2204 920 2237 hic
937 2216 1031 2247 quom
1052 2202 1097 2237 R.

168 2253 224 2284 80.
271 2258 461 2295 corruptum
485 2264 537 2293 ex,
563 2261 603 2285 so
628 2252 690 2285 the
718 2251 823 2285 MSS.
896 2258 1086 2295 corruptum
1112 2250 1164 2282 hic
1188 2261 1229 2281 ex
1255 2247 1379 2293 Pylad.
1451 2253 1643 2291 corruptum

118 2298 169 2330 ita
196 2309 238 2330 ex
267 2297 311 2331 R.
453 2298 654 2332 adulescente
688 2298 763 2332 BZ.
836 2297 920 2331 The
950 2302 1024 2331 rest
1056 2296 1266 2331 adolescente.
1412 2294 1443 2328 R
1474 2304 1645 2338 supposes

119 2343 198 2377 that
215 2354 236 2378 a
253 2343 323 2378 line
340 2343 403 2378 has
421 2344 583 2389 dropped
601 2350 665 2379 out
682 2345 776 2379 after
794 2348 850 2379 80.

174 2466 217 2500 In
235 2466 464 2511 distributing
488 2468 550 2503 the
571 2468 754 2513 following
780 2470 895 2504 Scene
921 2469 998 2503 into
1024 2469 1123 2511 lines,
1141 2478 1196 2502 we
1222 2467 1311 2501 have
1337 2466 1496 2500 adhered
1514 2465 1647 2508 closely

121 2517 163 2547 to
189 2513 252 2547 the
282 2520 535 2557 arrangement
562 2516 604 2550 of
628 2516 669 2551 B.
722 2517 924 2558 Hermann,
952 2516 1101 2558 Rstschl,
1130 2515 1266 2556 VVeise,
1297 2513 1367 2547 and
1395 2513 1528 2554 others,
1559 2512 1649 2546 have

122 2559 219 2594 their
236 2570 318 2594 own
337 2562 500 2596 metrical
518 2563 636 2605 views,
654 2574 751 2607 upon
769 2563 886 2597 which
905 2564 932 2597 it
951 2563 978 2596 is
996 2563 1095 2606 quite
1114 2572 1355 2605 unnecessary
1373 2564 1412 2594 to
1429 2560 1586 2602 enlarge.

176 2618 206 2641 1.
255 2606 396 2640 multum
413 2620 486 2642 sum
503 2616 535 2642 et
554 2609 598 2652 R,
616 2610 769 2644 without
787 2621 856 2654 any
875 2610 955 2643 MS.
974 2609 1169 2653 authority.

175 2664 206 2687 2.
257 2653 287 2686 C
314 2654 422 2688 omits
447 2656 482 2689 in
503 2663 630 2699 pectus.
773 2657 857 2690 The
884 2657 990 2690 MSS.
1017 2656 1105 2690 have
1130 2656 1272 2689 institui.
1343 2653 1499 2696 Reizius,
1529 2652 1572 2695 R,
1591 2651 1652 2693 W',

126 2699 197 2733 and
214 2699 349 2742 others,
367 2700 456 2735 have
473 2702 630 2745 adopted
649 2704 799 2737 institi-vi
816 2703 873 2737 for
889 2704 951 2737 the
969 2702 1054 2736 sake
1072 2702 1114 2737 of
1127 2703 1188 2736 the
1208 2706 1337 2735 metre.

178 2757 208 2788 3,
228 2758 261 2787 4.
311 2746 434 2781 These
451 2752 525 2782 two
542 2749 630 2783 lines
647 2760 708 2784 are
726 2750 926 2784 bracketed
947 2749 995 2794 by
1016 2750 1047 2782 R
1066 2761 1104 2783 as
1122 2748 1408 2792 interpolations.

176 2805 209 2833 4.
258 2792 321 2835 W,
339 2792 521 2837 following
539 2795 741 2840 Hermann,
760 2797 822 2830 has
839 2797 1000 2830 volutavi
1016 2810 1091 2830 eam
1110 2809 1192 2830 rem.

180 2849 211 2880 5,
231 2840 264 2873 6.
314 2840 361 2872 So
378 2839 440 2874 the
459 2840 566 2876 MSS.
640 2842 672 2876 R
692 2844 719 2877 is
738 2843 960 2886 dissatisfied,
979 2844 1050 2877 and
1068 2843 1151 2876 thus
1169 2841 1350 2876 remodels
1366 2839 1514 2873 them—

195 2895 397 2930 Hominem
414 2899 543 2942 quoius
561 2900 613 2934 rei
631 2901 783 2935 similem
802 2911 878 2936 esse
897 2901 1093 2935 arbitrarer
1108 2899 1426 2945 [simulacrumque
1445 2892 1606 2938 habere].

182 2955 214 2987 8.
261 2954 369 2988 edium
388 2954 430 2990 B.
