1879 3248
218 206 269 258 76
653 204 857 244 PLAVTI
896 204 1300 245 MOSTELLARIA.

279 331 358 370 TH.
390 328 567 382 Egone?
628 329 687 370 At
717 328 889 382 quidem
919 333 982 382 tu,
1012 329 1085 381 qui
1118 329 1227 369 istoc
1257 334 1302 368 te
1333 340 1474 382 speras
1505 326 1632 367 modo

217 403 389 444 Potesse
420 403 727 443 dissimulando
760 403 967 443 infectum
999 403 1077 443 hoc
1107 402 1291 444 reddere.

276 479 340 519 81.
384 477 501 533 Qid
531 478 707 518 autem?
800 480 879 517 TH.
921 476 1045 533 Qod
1076 489 1144 517 me
1179 482 1354 532 apsente
1394 478 1571 532 [tecum]
1614 476 1683 516 hic

389 551 498 592 filius

218 624 383 678 Negoti
414 625 558 678 gessit.
648 626 712 664 81.
754 622 930 664 Mecum
960 629 1007 664 ut
1038 623 1111 663 ille
1142 623 1212 664 hic
1241 625 1434 676 gesserit,
1688 633 1743 677 25

219 698 335 738 Dum
365 705 410 738 tu
442 699 543 738 hinc
574 699 688 751 abes,
721 698 899 751 negoti?
939 697 1160 751 quidnam,
1191 703 1262 737 aut
1292 710 1374 750 quo
1404 697 1506 738 die?

282 775 362 812 TH.
403 771 552 813 Minas
581 773 664 812 tibi
695 773 915 825 octoginta
944 773 1109 824 argenti
1141 771 1287 812 debeo.

278 849 343 888 81.
385 847 492 887 Non
523 847 631 887 mihi
663 846 835 900 quidem
865 846 1033 899 hercle3
1073 858 1234 900 verum,
1265 846 1301 886 si
1333 845 1476 900 debes,
1507 845 1623 886 cedo.

223 921 348 962 Fides
377 921 583 962 servanda
613 927 690 961 est.
751 919 825 959 Ne
857 920 919 959 ire
950 919 1114 959 infitias
1145 919 1343 973 postules.

285 997 363 1038 ΤΗ.
405 994 601 1035 Profecto
634 1006 720 1034 non
751 993 916 1046 negabo
947 992 1115 1046 debere,
1147 998 1190 1033 et
1221 992 1340 1032 dabo.
1691 1006 1746 1049 30

221 1069 291 1111 Tu
321 1082 438 1124 cave,
468 1069 744 1123 quadraginta
773 1068 986 1122 accepisse
1016 1068 1118 1108 hinc
1150 1081 1204 1108 ne
1236 1080 1377 1120 neges.

281 1145 346 1185 81.
387 1143 556 1200 Qaeso
587 1142 751 1197 edepol,
781 1142 861 1183 huc
892 1155 960 1182 me
991 1147 1164 1196 aspecta
1194 1147 1237 1181 et
1267 1140 1472 1195 responde
1503 1140 1624 1180 mihi.

223 1219 291 1260 Te
322 1218 433 1258 velle
463 1230 635 1258 uxorem
665 1217 807 1257 aiebat
838 1222 912 1256 tuo
943 1223 1074 1269 gnato
1105 1215 1230 1255 dare:

225 1293 325 1334 Ideo
355 1292 575 1333 aedificare
605 1292 684 1332 hoc
714 1291 824 1331 velle
855 1291 996 1331 aiebat
1028 1291 1073 1330 in
1104 1290 1202 1330 tuis.

288 1372 368 1409 ΤΗ.
409 1368 500 1409 Hic
529 1366 750 1407 aedificare
780 1366 930 1407 volui?
1019 1367 1084 1406 81.
1124 1364 1193 1406 Sic
1223 1365 1334 1405 dixit
1365 1365 1486 1405 mihi.
1696 1376 1750 1420 35

287 1445 369 1484 ΤΗ.
410 1442 498 1482 I-lei
530 1441 655 1495 mihi,
685 1440 888 1494 disperii!
931 1441 1048 1480 vocis
1080 1452 1166 1479 non
1196 1439 1330 1478 habeo
1359 1439 1490 1479 satis!

228 1516 392 1570 Vicini,
423 1516 547 1570 perii,
580 1515 754 1556 interii!
844 1517 909 1555 81.
950 1513 1175 1567 Numquid
1205 1513 1371 1554 Tranio

227 1589 469 1630 Turbavit?
563 1591 642 1628 ΤΗ.
684 1587 777 1628 [mo
807 1588 1046 1627 exturbavit
1077 1588 1237 1627 omnia.

227 1663 295 1704 Te
326 1662 564 1703 ludificatus
593 1668 659 1702 est
690 1667 733 1701 et
764 1674 833 1701 me
864 1660 990 1701 hodie
1022 1660 1215 1714 indignis
1246 1659 1397 1700 modis.

287 1738 352 1778 81.
392 1735 510 1792 Qid
549 1741 597 1776 tu
637 1734 733 1775 ais?
844 1737 924 1775 ΤΗ.
967 1734 1089 1775 Haec
1134 1746 1199 1774 res
1245 1733 1306 1774 sic
1354 1738 1435 1787 est,
1477 1738 1523 1773 ut
1573 1745 1697 1773 narro

401 1810 513 1850 tibi:
1698 1820 1756 1860 40

282 1961 298 1983 2
306 1961 337 1992 3.
385 1950 482 1983 Potes
499 1948 583 1982 sedis
600 1946 786 1981 simulando
804 1946 846 1981 C.

283 2009 338 2076 22.
389 1994 530 2075 ἓτεειέἰζι]
542 1995 635 2074 1<21icS‚S
650 1995 793 2074 Caulizeij.
811 1993 1107 2073 ευρΡΙίεἳέειὲαῖἯ,
1125 1992 1242 2026 which
1254 1992 1294 2071 lilst
1305 1990 1632 2072 pgtbffitilrlldeinlthe
1651 1991 1759 2072 lllllSS.

234 2050 1054 2129 Ψὶξίςὶ]11601135ἳεςοῃεὶωςῖεὲῃὲὲξέἳῗίηὲἃῐο
1071 2049 1359 2129 hiesrgxexbl'ancy.
1473 2049 1490 2071 r
1514 2048 1534 2071 e
1563 2048 1640 2072 mes
1683 2048 1757 2081 ere,

284 2147 339 2178 31.
388 2147 427 2169 ne
443 2147 548 2179 neges,
566 2145 606 2167 so
624 2134 686 2167 the
704 2133 810 2166 MSS.
883 2140 914 2166 te
929 2145 1023 2177 neges
1041 2131 1168 2165 Lamb.
1189 2131 1233 2165 R.

285 2193 340 2224 32.
388 2193 481 2225 queso
507 2181 589 2214 CD.
671 2192 766 2223 quoso
791 2179 833 2213 B.
987 2180 1048 2212 huc
1076 2191 1127 2211 me
1154 2185 1287 2222 aspecta
1316 2176 1465 2210 BCDZ.
1537 2177 1586 2210 ad
1616 2189 1667 2210 me
1699 2177 1761 2211 huc

234 2235 344 2274 specta
372 2227 417 2261 R.
562 2226 594 2259 R
620 2236 790 2269 supposes
814 2225 892 2258 that
917 2225 1020 2258 there
1047 2225 1074 2258 is
1098 2235 1119 2258 a
1143 2229 1244 2267 great
1269 2235 1337 2268 gap
1361 2223 1455 2258 after
1475 2235 1507 2258 v.
1529 2235 1583 2266 32,
1601 2223 1672 2258 and
1696 2223 1760 2258 has

235 2275 381 2310 written
402 2285 441 2315 23
462 2273 550 2306 lines
567 2277 607 2307 to
624 2273 748 2316 supply
765 2272 828 2306 the
846 2272 1056 2315 deficiency.

285 2333 341 2364 33.
389 2320 502 2354 aiebat
519 2320 622 2362 Vulg.
642 2319 740 2352 RW.
812 2318 935 2362 agebat
952 2318 1088 2360 BaCD,
1107 2328 1151 2351 an
1169 2317 1318 2350 obvious
1335 2316 1500 2350 blunder.

287 2379 341 2410 34.
389 2368 550 2411 edfficare,
578 2365 649 2400 and
681 2365 783 2409 again
813 2376 845 2399 v.
869 2376 910 2407 35
943 2364 1018 2399 BC.
1161 2365 1218 2397 hoc
1247 2364 1309 2397 the
1340 2363 1457 2406 MSS„
1485 2362 1556 2397 and
1589 2373 1629 2396 so
1656 2363 1761 2406 Vulg.

236 2416 288 2449 hic
307 2415 450 2448 Camcr.
464 2413 526 2447 W.

288 2472 342 2503 35.
390 2460 501 2493 voluit
519 2459 560 2493 Β.

289 2518 344 2549 37.
395 2508 499 2540 Vicini
516 2505 578 2539 ‘the
597 2505 702 2539 MSS.
777 2506 885 2539 Vicine
901 2503 1038 2538 Acidal.
1059 2503 1103 2537 R.

289 2557 344 2596 38.
394 2553 477 2586 BaC
500 2553 588 2586 have
610 2551 771 2595 turbabit,
789 2562 833 2586 an
854 2551 1004 2585 obvious
1021 2550 1186 2585 blunder.
1257 2551 1358 2584 immo
1379 2551 1426 2583 mi
1445 2548 1552 2583 Both.
1571 2548 1616 2592 R,
1633 2549 1699 2582 but
1715 2550 1763 2582 mi

242 2602 270 2635 is
287 2604 352 2633 not
370 2599 405 2633 in
422 2599 484 2632 the
503 2599 608 2632 MSS.

293 2659 347 2688 39.
397 2648 436 2679 ‘Te
461 2646 646 2689 ludificatus
670 2652 719 2678 est
742 2652 774 2678 et
794 2658 845 2678 me
865 2644 957 2678 hodie
976 2644 1119 2688 indignis
1140 2644 1256 2677 modis.
1306 2642 1398 2676 This
1423 2653 1540 2676 seems
1565 2646 1604 2675 to
1629 2642 1675 2675 be
1699 2641 1762 2675 the

243 2693 390 2773 readigg
407 2692 448 2725 of
463 2692 503 2733 B,
521 2691 592 2725 and
613 2692 640 2725 is
659 2691 816 2735 adopted
833 2691 880 2735 by
899 2692 1042 2725 Camer.
1059 2691 1131 2724 and
1148 2691 1252 2733 Vulg.
1325 2689 1394 2722 CD
1413 2700 1474 2723 are
1497 2692 1646 2732 corrupt
1663 2688 1762 2722 here.

246 2741 277 2774 R
295 2751 340 2774 an
384 2739 434 2771 W
452 2739 589 2772 have-—

562 2795 821 2829 Deludificatus
845 2800 900 2829 est
925 2805 983 2828 me
1009 2794 1116 2828 hodie
1143 2793 1294 2836 indignis
1319 2793 1446 2827 modis.

262 2861 452 2941 h4<318gec
480 2859 508 2892 B
535 2857 652 2904 (nom.
678 2857 785 2902 sing.)
859 2860 913 2892 hec
939 2856 1033 2902 (acc.
1055 2856 1166 2901 plur.)
1193 2858 1235 2899 C,
1254 2869 1285 2891 v.
1305 2868 1360 2898 45.
1503 2857 1554 2889 ais
1574 2856 1616 2889 Z.
1688 2856 1763 2899 agis

246 2914 256 2941 l
288 2918 307 2942 e
424 2933 431 2940 .
