1879 3248
247 270 297 298 ιο
677 260 881 298 PLAVTI
921 261 1327 302 MOSTELLARIA.

240 380 476 437 Extollunt,
512 390 660 438 parant
693 386 838 426 scdulo
870 388 915 426 in
948 386 1194 428 firmitatem

237 454 292 495 Et
325 461 371 496 ut
406 457 452 496 in
483 470 604 498 usum
637 458 738 499 boni
776 466 818 500 et
850 459 896 500 in
929 461 1117 514 speciem

235 530 394 585 Populo
425 534 530 587 sint,
561 533 729 586 sibique
762 541 835 575 aut
871 536 1077 575 materiae
1112 549 1166 575 ne
1199 541 1392 590 parcunt,
1713 551 1769 590 40

236 603 336 645 Nec
366 612 557 659 sumptus
591 608 651 646 ibi
687 609 873 661 sumptui
910 621 1001 648 esse
1035 608 1206 648 ducunt.

233 677 480 733 Expoliunt,
507 679 662 720 docent
691 681 852 735 literas,
884 683 991 734 iura,
1024 682 1154 736 leges,
1181 695 1256 722 suo
1285 688 1455 736 sumptu
1483 688 1526 723 et
1554 684 1708 724 labore.

230 750 449 791 Nituntur
482 759 528 793 ut
560 753 635 792 alii
669 754 753 793 sibi
787 767 880 794 esse
914 755 1085 794 illorum
1119 755 1276 795 similis
1310 761 1528 809 expetant.

232 824 299 865 Ad
330 825 548 879 legionem
580 839 708 879 quom
740 828 865 881 itum,
900 827 1214 868 adminiculum
1248 830 1311 869 eis
1344 829 1507 870 danunt

228 898 345 939 Tum
376 900 463 939 iarn
494 900 679 953 aliquem
711 907 939 954 cognatum
971 915 1121 942 suum:
1706 915 1763 959 45

228 971 416 1013 Eatenus
449 973 606 1013 abeunt
640 986 665 1014 a
698 973 843 1014 fabris.
904 974 989 1015 Vbi
1017 987 1148 1015 unum
1183 977 1410 1017 emeritum
1445 982 1509 1017 est
1542 977 1704 1031 stipen-

400 1046 535 1101 diurn,

223 1119 361 1174 Igitur
391 1126 484 1161 tum
516 1121 735 1174 specimen
767 1122 972 1176 cernitur,
1006 1135 1089 1175 quo
1128 1123 1303 1163 eveniat
1337 1122 1591 1164 aedificatio.

225 1194 346 1235 Nam
376 1207 456 1247 ego
489 1194 541 1234 ad
576 1194 681 1234 illud
713 1194 819 1248 frugi
854 1208 984 1249 usque
1020 1202 1062 1236 et
1096 1197 1249 1250 probus
1281 1197 1359 1248 fui,
1393 1197 1440 1237 in
1471 1197 1681 1237 fabrorum

225 1268 443 1309 Potestate
477 1269 577 1309 dum
605 1269 680 1309 fui.

222 1342 502 1396 Posteaquam
535 1344 763 1397 inmigravi
799 1346 845 1385 in
881 1346 1104 1398 ingenium
1137 1358 1295 1399 meum,
1700 1359 1757 1401 50

224 1416 394 1457 Perdidi
426 1430 599 1471 operam
629 1417 842 1459 fabrorum
875 1420 977 1460 ilico
1007 1419 1179 1473 oppido,

222 1490 356 1531 Venit
391 1492 580 1546 ignavia,
614 1505 664 1532 ea
694 1494 803 1533 mihi
837 1499 1068 1547 tempestas
1103 1493 1202 1547 fuit,

218 1566 288 1607 Mi
322 1566 508 1606 adventu
541 1579 617 1606 suo
649 1567 917 1622 grandinem,
952 1568 1213 1621 imbremque
1245 1568 1422 1620 attulit3

219 1639 343 1680 Haec
375 1640 676 1680 verecundiam
709 1642 770 1680 mi
804 1646 847 1680 et
880 1642 1055 1681 virtutis
1088 1641 1260 1681 modum

215 1713 474 1755 Deturbavit
504 1715 647 1755 ÷÷texit
680 1715 925 1768 detexitque
957 1728 982 1755 a
1012 1728 1080 1755 me
1112 1716 1227 1757 ilico.
1693 1725 1750 1770 55

266 1851 320 1882 39.
370 1840 419 1873 Et
436 1847 473 1873 ut
488 1841 534 1881 in,
553 1850 593 1873 so
610 1839 672 1874 the
692 1840 798 1874 MSS.
875 1840 907 1874 R
926 1841 1035 1874 omits
1052 1842 1112 1875 Et.
1186 1841 1237 1873 W
1256 1840 1374 1884 places
1399 1840 1449 1873 Et
1473 1843 1510 1873 at
1534 1839 1597 1873 the
1622 1839 1693 1873 end
1711 1839 1754 1873 of

214 1886 277 1920 the
294 1887 491 1930 preceding
508 1887 591 1920 line.
664 1887 715 1919 W
733 1891 816 1931 puts
833 1897 853 1921 a
871 1898 1015 1921 comma
1033 1888 1128 1922 after
1137 1895 1282 1932 parant.
1418 1899 1478 1920 usu
1497 1887 1539 1920 B.
1675 1886 1750 1920 boni

212 1941 245 1967 et
267 1935 302 1988 ia
327 1935 463 1978 speciem
484 1933 601 1978 populo
625 1935 703 1977 sint,
729 1945 770 1967 so
788 1934 851 1968 the
870 1934 977 1969 MSS.
1049 1935 1124 1968 boni
1148 1936 1216 1968 sint
1239 1942 1271 1968 et
1296 1936 1330 1968 in
1355 1935 1490 1979 speciem
1513 1933 1629 1978 populo
1650 1933 1748 1968 RW.

212 1987 337 2068 spebbe?
336 1993 346 2013 1
366 1980 407 2061 ῗε
418 2034 574 2072 parcunt,
593 2038 612 2060 a
630 2026 726 2070 conj.
744 2026 786 2061 of
801 2028 945 2061 Camer.
1018 2034 1197 2071 reparcunt
1216 2027 1353 2062 BaCD.
1425 2006 1606 2072 Zie‘parcunt
1624 2026 1691 2060 Bb.

260 2085 317 2115 41.
366 2074 411 2107 ibi
428 2076 554 2107 sumtui
572 2074 721 2107 BCDZ.
793 2074 856 2107 sibi
872 2075 997 2107 sumtus·
1017 2074 1095 2107 FR.

259 2131 316 2161 42.
365 2120 448 2164 leges
475 2119 590 2164 (acc.)
616 2120 659 2153 all
685 2121 907 2164 apparently.
1051 2120 1143 2153 This
1172 2120 1242 2153 line
1269 2120 1297 2153 is
1323 2119 1466 2153 divided
1493 2121 1569 2154 into
1594 2124 1669 2153 two
1694 2118 1742 2163 by

212 2165 315 2254 ἤϊ’.
328 2166 617 2256 efflares
697 2166 926 2256 {tarem
1000 2167 1051 2198 W
1647 2234 1662 2252 ,,

258 2271 314 2300 44.
363 2271 458 2302 quom
475 2260 559 2292 itum
580 2259 608 2291 Z
630 2259 688 2303 (σᾶ
705 2259 820 2303 itum),
840 2259 902 2293 W.
952 2259 1035 2292 The
1055 2259 1160 2293 MSS.
1178 2269 1239 2293 are
1258 2264 1418 2303 corrupt.
1561 2261 1683 2294 comita
1699 2260 1740 2303 B,

207 2305 270 2339 the
304 2306 509 2360 correction
543 2306 650 2348 being
683 2305 730 2349 by
763 2316 794 2340 c.
885 2307 1006 2339 comita
1042 2307 1083 2339 C.
1173 2308 1260 2339 coita
1296 2307 1343 2340 D.
1427 2319 1522 2350 quom
1555 2308 1626 2340 itur
1661 2307 1688 2339 F
1696 2306 1739 2341 R.

208 2352 691 2440 qung.1tagbt}7?zl?‚elsovtlllleg3-
703 2398 808 2432 MSS.
883 2401 1043 2432 Protenus
1068 2399 1112 2433 R.
1255 2399 1399 2432 habeant
1421 2399 1581 2444 (abeunt)
1601 2399 1737 2434 BaCD.

209 2445 270 2479 Vbi
286 2458 399 2487 unum,
418 2456 458 2478 so
475 2445 536 2478 the
556 2445 661 2479 MSS.
735 2445 785 2477 W
803 2446 910 2479 omits
930 2447 1002 2480 Vbi.
1079 2446 1109 2478 R
1129 2446 1236 2479 omits
1255 2459 1365 2479 unum.

255 2495 312 2533 48.
360 2492 452 2533 illud,
471 2502 511 2525 so
525 2492 586 2525 the
602 2492 707 2525 MSS.
772 2493 809 2525 id
822 2493 882 2526 W.
991 2493 1191 2535 fabrorum,
1209 2504 1249 2526 so
1267 2493 1329 2526 the
1350 2493 1454 2526 MSS.
1508 2493 1658 2535 fabrum
1673 2492 1735 2526 W.

256 2550 311 2579 50.
362 2541 593 2582 Posteaquam,
628 2549 668 2571 SO
701 2539 763 2572 the
798 2539 904 2573 MSS.
982 2542 1102 2573 Postea
1135 2552 1230 2583 quom
1267 2539 1297 2572 R
1341 2539 1523 2582 following
1557 2540 1734 2583 Guyetus.

203 2586 374 2630 imigravi
403 2585 466 2618 Ba.
608 2586 642 2618 in
669 2587 846 2630 ingenium,
880 2597 919 2619 So
946 2586 1008 2619 the
1037 2586 1143 2620 MSS.
1216 2587 1382 2630 ingenium
1416 2587 1450 2619 in
1488 2586 1519 2619 R
1550 2585 1734 2628 following

207 2631 314 2665 Both.

254 2690 310 2719 51.
359 2679 450 2723 opido
473 2677 547 2711 BF.

253 2736 309 2767 51,
329 2736 385 2766 52.
435 2725 464 2758 B
484 2724 643 2758 includes
660 2725 761 2759 these
780 2725 814 2758 in
834 2737 853 2759 a
870 2726 981 2768 single
1000 2726 1082 2759 line.

253 2783 309 2813 53.
359 2772 413 2804 Mi
429 2773 591 2811 adventu,
617 2783 656 2804 so
681 2772 743 2805 the
771 2772 876 2805 MSS.
950 2774 1006 2806 Ea
1032 2774 1079 2805 mi
1105 2771 1227 2816 Pylad.
1247 2772 1351 2815 Vulg.
1370 2772 1432 2806 W.
1505 2773 1600 2816 Quae
1619 2773 1667 2805 mi
1685 2771 1730 2806 R.

202 2818 413 2862 imbremque,
431 2829 471 2852 So
489 2818 550 2851 the
570 2818 675 2851 MSS.
750 2819 880 2852 Herm.
900 2819 1006 2852 Both.
1028 2819 1112 2851 RW
1131 2819 1220 2852 omit
1238 2831 1306 2862 que.

252 2875 307 2906 55.
357 2861 570 2899 D'eturbavit
595 2867 677 2898 texit
702 2866 884 2909 detexitque
908 2879 930 2899 a
949 2879 1010 2907 me,
1036 2876 1076 2899 so
1097 2865 1158 2899 the
1178 2865 1295 2908 MSS„
1314 2865 1435 2899 where
1457 2866 1541 2898 texit
1565 2865 1592 2897 is
1613 2865 1728 2898 mani-

202 2910 308 2955 festly
335 2915 495 2955 corrupt.
568 2912 779 2945 Deturbavit
812 2913 994 2955 detexitque
1026 2911 1065 2945 de
1097 2925 1149 2945 me
1185 2911 1227 2946 R.
1302 2912 1514 2945 Deturbavit
1546 2912 1729 2955 detexitque

202 2971 224 2991 a
243 2958 318 2991 med
334 2958 395 2991 W.
