1879 3248
224 192 276 231 88
660 195 860 234 PLAVTI
901 196 1306 235 MOSTELLARIA.

283 319 363 358 ΤΗ.
410 315 660 356 Interimam
710 316 850 357 hercle
912 319 993 374 [te]
1041 329 1134 372 ego,
1177 318 1214 356 si
1263 318 1387 358 vivo!
1482 320 1562 358 CA.
1606 317 1689 357 Fac

397 391 527 430 istam
557 397 754 431 cunctam
783 393 994 444 gratiam:

219 464 432 504 Tranioni
466 466 654 518 remitte,
684 477 855 519 quaeso,
887 466 995 505 hanc
1027 466 1199 505 noxiam
1230 477 1354 506 causa
1385 478 1491 505 mea.

284 542 363 579 TH.
401 539 531 579 Aliud
561 539 731 592 quidvis
762 540 965 593 inpetrari
997 552 1022 579 a
1053 552 1121 579 me
1152 539 1320 580 facilius
1351 539 1574 593 perferam,

222 612 364 667 Qam
401 617 447 651 ut
477 624 562 651 non
601 624 678 664 ego
717 613 846 652 istum
879 624 954 665 pro
990 614 1079 652 suis
1115 612 1242 652 factis
1279 614 1487 666 pessumis
1521 625 1686 666 pessum

394 697 594 738 premam.

284 760 364 798 CA.
405 757 540 797 Mitte
570 770 740 811 quaeso,
774 758 925 798 istunc.
1011 760 1090 798 TH.
1132 758 1264 810 Hem,
1292 757 1451 811 viden',
1482 764 1527 798 ut
1558 764 1688 798 restat

395 831 598 872 furcifer?
1691 843 1748 887 50

284 907 364 946 CA.
396 904 577 959 Tranio,
608 906 795 960 quiesce,
833 907 869 946 si
913 907 1040 960 sapis.
1148 909 1228 947 TH.
1272 906 1341 947 Tu
1378 907 1545 960 quiesce
1582 907 1690 947 hanc

395 992 485 1019 rem
515 979 642 1019 modo

223 1053 369 1093 Petere
386 1070 398 1104 3
440 1065 517 1106 ego
546 1053 669 1092 illum
700 1054 959 1107 verberibus,
991 1059 1035 1094 ut
1068 1055 1127 1094 sit
1158 1055 1342 1107 quietus,
1374 1055 1590 1107 subegero.

284 1129 365 1168 CA.
408 1126 536 1166 Nihil
572 1139 676 1180 opus
716 1132 782 1166 est
824 1127 1024 1180 profecto.
1099 1127 1189 1180 Age
1231 1128 1331 1181 iam,
1372 1128 1464 1167 sine
1506 1128 1577 1167 ted
1619 1141 1690 1168 ex-

395 1212 565 1239 orarier.

287 1276 365 1315 TH.
405 1273 523 1314 Nolo
559 1286 665 1313 ores.
753 1277 833 1316 CA.
870 1275 1043 1332 Qaeso
1075 1275 1228 1316 hercle.
1321 1278 1400 1316 TH.
1446 1275 1580 1330 Nolo,
1623 1277 1688 1316 in-

395 1361 536 1402 quam,
567 1361 672 1389 ores,
756 1351 836 1389 CA.
868 1349 1144 1402 Nequiquam
1176 1350 1324 1389 nevis:

273 1577 329 1615 46.
378 1576 575 1608 interemam
595 1573 658 1607 Ba.
801 1573 907 1606 hercle
931 1580 972 1615 te,
998 1584 1038 1607 so
1065 1573 1172 1609 Both.
1193 1573 1290 1606 RW.
1364 1572 1447 1606 The
1470 1572 1574 1606 MSS.
1592 1572 1682 1606 omit
1705 1580 1746 1607 te.

222 1634 279 1665 ego
305 1622 334 1654 si
360 1622 458 1655 vivo.
525 1620 593 1655 CA.
621 1621 689 1654 Fac
715 1621 830 1662 istam,
857 1631 898 1654 50
922 1620 1065 1654 Camer.
1157 1633 1214 1665 ego
1240 1620 1341 1654 suibo.
1408 1620 1476 1653 CA.
1506 1620 1676 1653 Facistam
1696 1620 1747 1653 Ba

225 1695 309 1739 (but
328 1693 383 1727 Bb
403 1694 466 1727 has
485 1693 607 1739 siubo).
692 1707 749 1739 ego
771 1693 861 1728 suibo
874 1693 972 1737 facis
999 1701 1072 1728 tam
1097 1694 1138 1728 C.
1218 1707 1276 1740 ego
1301 1694 1391 1728 suibo
1403 1694 1539 1737 facista
1563 1693 1611 1728 D.
1690 1705 1747 1738 ego

225 1753 314 1786 iubeo
321 1753 388 1795 fac
405 1753 508 1786 istam
529 1752 605 1786 FZ.

274 1810 331 1840 47.
380 1801 536 1832 Tranioni
561 1800 692 1832 remitte
715 1811 808 1842 queso
834 1798 943 1833 BFZ.
1023 1800 1182 1833 ‘Tranioni
1207 1800 1339 1832 remitte
1364 1800 1496 1832 remitte
1521 1810 1638 1842 quaeso
1665 1796 1747 1831 CD.

225 1847 384 1879 <Tranioni
398 1847 469 1879 iam
488 1847 629 1888 remitte,
647 1846 814 1888 omitting
831 1858 947 1889 quaeso
966 1845 1010 1879 R.

274 1896 332 1933 48.
354 1905 402 1972 Ra
436 1905 488 1926 me
509 1892 653 1935 facilius
681 1892 870 1937 perferam,
908 1902 948 1926 so
981 1892 1044 1926 the
1078 1892 1184 1926 MSS.
1265 1892 1442 1937 perferam
1475 1904 1497 1925 a
1531 1903 1582 1924 me
1602 1889 1747 1933 facilius

226 1939 334 1973 Both.
391 1965 399 1973 .

275 1997 331 2027 50.
382 1986 429 2018 So
448 1985 592 2019 Camer.
606 1985 710 2028 Vulg.
783 1984 868 2018 The
886 1984 993 2019 MSS.
1011 1995 1073 2018 are
1091 1995 1177 2029 very
1195 1989 1353 2040 corrupt,
1371 1984 1605 2018 thus—Mitte
1624 1995 1682 2026 que
1701 1984 1747 2016 sis

226 2040 297 2066 tum
317 2058 325 2065 .
343 2032 461 2065 vident
493 2039 530 2066 ut
563 2039 670 2065 restat
691 2032 847 2075 furcifi’r
879 2031 942 2065 Ba.
1016 2033 1118 2065 Mitte
1150 2034 1251 2075 que-sis
1285 2039 1402 2065 tume.
1418 2031 1520 2064 viden
1539 2055 1547 2063 .
1571 2036 1608 2063 ut
1641 2035 1748 2062 restat

214 2090 369 2133 furcifer
385 2089 453 2123 Bb.
525 2091 664 2132 Mitteq
687 2091 732 2122 sis
756 2096 845 2122 tume
866 2089 968 2122 viden
991 2095 1027 2121 ut
1051 2095 1157 2122 restat
1168 2089 1322 2132 furcifi‘r
1339 2089 1382 2123 C.
1457 2089 1559 2121 Mitte
1581 2088 1685 2130 quesis
1711 2093 1747 2120 tu

228 2176 279 2196 me
303 2163 404 2196 viden
429 2169 465 2195 ut
490 2169 597 2195 restat
609 2162 764 2204 furcifer
781 2162 839 2195 Da
857 2161 979 2205 (quesis
997 2168 1033 2195 tu
1050 2174 1102 2194 me
1119 2160 1209 2204 Dc).
1282 2161 1358 2195 TR.
1384 2161 1486 2194 Mitte
1509 2173 1599 2204 queso
1624 2166 1660 2193 tu
1684 2172 1746 2194 me.

228 2210 302 2243 TE.
331 2209 430 2243 Viden
448 2215 484 2242 ut
500 2216 607 2242 restat
612 2209 766 2251 furcifer
784 2209 845 2241 FZ
866 2208 926 2252 (V'
926 2209 999 2241 dem
1019 2207 1081 2252 Z).
1155 2207 1186 2240 R
1205 2207 1315 2240 has—-

322 2273 383 2306 Ca.
409 2271 518 2305 Mitte
545 2281 679 2314 quaeso
704 2271 823 2305 istum.
895 2271 953 2304 Th.
981 2269 1103 2315 [Illum
1129 2274 1169 2304 ut
1194 2269 1352 2315 mittam]
1379 2270 1484 2304 viden
1510 2274 1550 2304 ut
1575 2274 1666 2304 astat

461 2317 609 2351 furcifer
622 2319 635 2352 ?

227 2365 276 2397 W
294 2365 404 2398 has—-

319 2433 374 2464 Tr.
397 2429 519 2472 Mitte,
537 2439 683 2473 quaeso,
701 2429 757 2471 sis,
775 2433 814 2462 tu
832 2428 927 2462 med.
977 2429 1035 2463 Th.
1058 2428 1169 2471 Hem,
1183 2428 1299 2462 viden’
1318 2432 1357 2462 ut
1375 2432 1487 2462 restat
1503 2426 1664 2462 furcifer.

274 2511 330 2541 51.
382 2500 428 2532 So
447 2498 589 2532 Camer.
604 2497 708 2540 Vulg.
725 2497 787 2531 W.
838 2497 940 2530 Here
966 2497 1067 2540 again
1089 2497 1152 2530 the
1179 2496 1285 2530 MSS.
1306 2506 1368 2530 are
1393 2500 1552 2539 corrupt.
1624 2496 1746 2528 ‘Tranio

225 2563 280 2606 qui
313 2574 379 2594 esse
411 2562 513 2605 sapis.
578 2560 657 2594 ΤΗ.
687 2562 733 2593 ‘Tu
765 2561 819 2604 qui
850 2549 918 2593 esse
944 2559 985 2594 B.
1058 2560 1180 2593 Tranio
1211 2560 1332 2603 quiesse
1363 2560 1453 2604 sapis
1487 2565 1523 2592 tu
1554 2559 1675 2601 quiesce
1703 2557 1745 2591 C.

226 2620 348 2652 ‘Tranio
381 2619 451 2661 quie
484 2617 517 2651 e}
549 2619 638 2662 sapis
672 2624 708 2651 tu
740 2619 862 2661 quiesce
896 2618 943 2651 D.
1019 2617 1051 2650 R
1079 2617 1142 2651 has
1170 2617 1238 2651 CA.
1268 2618 1400 2659 Tranio,
1427 2618 1457 2650 si
1483 2617 1586 2660 sapis,
1613 2616 1745 2659 quiesce.

226 2666 305 2699 ΤΗ.
331 2667 377 2698 ‘Tu
393 2666 525 2708 quiesce.

275 2723 330 2753 52.
378 2723 454 2755 ergo
482 2711 576 2744 illum
605 2710 646 2744 B.
789 2710 983 2744 verberibus
1011 2717 1047 2743 ut
1070 2712 1115 2744 sit
1143 2711 1278 2754 quietus,
1306 2720 1346 2743 so
1371 2709 1433 2743 the
1462 2710 1567 2743 MSS.
1641 2714 1676 2741 ut
1701 2708 1745 2741 sit

224 2760 347 2802 quietus
365 2758 558 2790 verberibus
577 2757 713 2790 Acidal.
734 2757 777 2790 R.
851 2757 1044 2790 verberibus
1062 2764 1098 2790 ut
1114 2759 1237 2800 quietus
1252 2758 1297 2790 sit
1315 2756 1377 2790 W.

275 2816 330 2846 53.
380 2803 444 2837 Nil
466 2812 541 2848 opus
566 2811 615 2837 est
634 2804 793 2847 profecto,
823 2803 921 2837 FZR
941 2803 1054 2846 assign
1073 2803 1174 2837 these
1193 2803 1311 2837 words
1328 2807 1368 2837 to
1387 2802 1536 2836 Tranio.
1680 2801 1744 2843 ted,

225 2863 265 2884 so
284 2853 416 2895 Guyet.
489 2857 519 2883 te
537 2850 597 2884 the
617 2850 721 2883 MSS.

275 2910 329 2939 54.
379 2898 513 2941 inquam
532 2910 600 2930 ores
621 2896 693 2929 BC.
767 2899 902 2940 inquam
921 2909 1012 2931 oracs
1033 2897 1078 2930 D.
1153 2898 1287 2939 inquam
1306 2909 1381 2929 oras
1404 2895 1476 2929 FZ.
