1879 3248
243 143 257 169 1
267 131 290 169 6
677 132 879 170 PLAVTI
920 131 963 170 M
967 130 1328 171 OSTELLARIA.

294 257 365 297 SC.
418 254 582 296 Inscita
622 260 786 295 ecastor
830 261 877 295 tu
918 254 1090 308 quidem
1129 268 1188 295 es.
1278 256 1367 294 PH.
1410 251 1711 310 Qapropter?

408 332 479 371 SC.
523 329 643 386 Qae
676 331 785 370 istuc
817 343 951 384 cures,

234 404 292 446 Vt
313 410 356 446 te
380 405 455 444 ille
477 411 603 446 amet.
665 407 752 445 PH.
777 403 881 459 Cur,
904 417 1094 459 opsecro,
1116 417 1203 444 non
1225 404 1400 444 curem?
1461 400 1534 444 Sc.
1557 401 1713 442 Libera

408 492 453 518 es
485 479 586 518 iam.

233 552 304 592 Tu
335 552 438 606 iam,
468 551 578 604 quod
608 552 854 606 quaerebas,
886 551 1040 592 habes:
1080 551 1154 590 ille
1184 556 1228 591 te
1261 550 1347 590 nisi
1379 549 1542 589 amabit
1572 548 1700 603 ultro,

234 625 298 680 Id,
330 639 404 680 pro
436 625 576 679 capite
607 631 683 665 tuo
713 624 824 678 quod
855 625 991 679 dedit,
1023 624 1254 679 perdiderit
1284 629 1456 664 tantum
1486 622 1668 675 argenti.

291 703 427 740 PHIL.
478 698 592 739 Perii
642 699 800 754 hercle,
851 700 896 740 m‘
948 712 1026 753 ego
1075 699 1197 739 illam
1247 698 1456 753 pessumis
1505 695 1712 750 exemplis

407 774 618 815 enicasso.
1712 780 1769 825 55

231 848 312 889 Illa
341 849 451 889 hanc
481 849 711 903 corrumpit
742 848 966 888 mulierem
997 846 1240 887 malesuada
1269 845 1466 886 vitilena.

289 926 377 964 PH.
409 922 659 977 Numquam
682 935 760 976 ego
782 922 847 963 illi
868 935 1038 977 possum
1063 922 1246 976 gratiam
1266 920 1438 974 referre,
1458 925 1506 960 ut
1531 919 1710 960 meritus

406 1002 471 1037 est
503 996 554 1036 de
586 1009 671 1050 me,

229 1069 415 1124 Scapha:
457 1070 500 1110 id
531 1075 579 1111 tu
609 1070 718 1110 mihi
750 1084 804 1111 ne
836 1070 1025 1125 suadeas,
1057 1075 1104 1110 ut
1135 1069 1257 1109 illum
1287 1069 1468 1109 minoris
1498 1067 1694 1122 pendam.

288 1145 362 1185 SC.
403 1144 464 1184 At
508 1144 586 1185 hoc
633 1157 765 1184 unum
812 1144 945 1185 facito
996 1145 1172 1199 cogites,
1222 1144 1260 1184 si
1311 1143 1433 1182 illum
1478 1141 1709 1182 inservibis

406 1217 558 1271 solum,

231 1292 348 1333 Dum
368 1291 451 1331 tibi
478 1304 592 1332 nunc
611 1291 716 1332 haec
739 1291 928 1331 aetatula
952 1296 1034 1346 est,
1057 1292 1103 1331 in
1130 1297 1304 1331 senecta
1328 1290 1440 1330 male
1464 1303 1650 1343 querere.
1711 1290 1766 1330 60

289 1370 426 1408 PHJL.
467 1366 518 1407 In
559 1367 763 1420 anginam
800 1379 878 1420 ego
919 1379 1032 1407 nunc
1073 1379 1141 1406 me
1178 1365 1311 1406 velim
1342 1366 1470 1420 vorti,
1501 1371 1547 1406 ut
1578 1378 1708 1405 vene-

405 1440 509 1481 ficae
542 1440 608 1479 illi

231 1515 388 1556 Fauces
418 1513 691 1570 prehendam,
722 1520 850 1568 atque
884 1515 1052 1555 enicem
1083 1513 1312 1554 scelestam
1343 1513 1687 1554 stimulatricem.

290 1592 378 1630 PH.
421 1588 617 1629 Eundem
657 1588 851 1629 animum
890 1593 1058 1642 oportet
1092 1601 1206 1629 nunc
1245 1587 1352 1628 mihi
1392 1601 1486 1629 esse
1525 1593 1708 1642 gratum,

405 1670 453 1704 ut
485 1664 729 1719 impetravi,

233 1739 375 1793 Atque
405 1738 526 1793 olim,
556 1739 799 1792 priusquam
833 1737 875 1778 id
907 1737 1069 1793 extudi,
1098 1750 1227 1792 quom
1259 1737 1326 1778 illi
1357 1738 1694 1780 subblandiebar.

281 1924 337 1954 51.
388 1913 515 1946 Inscita
539 1919 670 1946 ecastor
689 1912 764 1946 FZ.
837 1914 958 1946 Inciste
981 1918 1111 1946 ecastor
1128 1911 1170 1946 B.
1241 1913 1357 1945 inciste
1381 1919 1494 1945 castor
1516 1913 1558 1946 C.
1631 1914 1762 1947 inciste-

232 1967 345 1993 castor
362 1959 411 1993 D.
461 1959 545 1993 The
564 1960 769 1993 correction
787 1959 830 1992 of
842 1959 944 1992 these
963 1963 1112 2001 corrupt
1129 1958 1242 1991 forms
1260 1959 1287 1991 is
1305 1969 1387 2002 easy
1405 1959 1475 1992 and
1493 1959 1642 1993 certain.

282 2018 338 2049 51,
358 2017 413 2047 52.
464 2031 472 2039 .
500 2031 508 2041 .
535 2031 543 2039 .
561 2008 645 2039 istuc
663 2019 753 2039 cures
766 2008 847 2039 :Vt
864 2013 895 2039 te
910 2006 975 2048 ille,
993 2016 1033 2039 so
1052 2005 1176 2048 Pylad.
1249 2018 1341 2039 cures
1359 2006 1387 2038 is
1404 2006 1558 2039 omitted
1577 2007 1612 2039 in
1632 2007 1746 2041 BCD.

281 2063 337 2094 53.
386 2052 541 2095 querebas
560 2052 656 2085 BaC.

281 2110 337 2140 54.
387 2099 430 2131 Id
446 2106 512 2142 pro
538 2100 644 2142 capite
670 2105 735 2140 tuo,
769 2109 809 2132 so
835 2098 897 2132 the
929 2098 1034 2132 MSS.
1110 2098 1152 2131 Id
1168 2106 1234 2142 pro
1260 2105 1314 2132 tuo
1344 2100 1450 2143 capite
1480 2099 1541 2133 W.
1617 2099 1649 2133 R
1679 2100 1764 2134 thus

232 2149 479 2179 reconstructs
496 2145 558 2178 the
575 2145 694 2178 line—

517 2208 590 2241 Pro
616 2208 733 2252 capite
759 2212 823 2241 tuo
848 2213 1024 2252 quantum
1050 2208 1150 2242 dedit
1201 2235 1445 2243 .....

282 2276 338 2316 56.
387 2275 580 2318 corrumpit,
613 2284 653 2307 so
686 2274 748 2307 the
784 2273 889 2307 MSS.
965 2281 1152 2318 corrumpet
1186 2274 1230 2308 R.
1374 2274 1571 2308 malesuada
1604 2276 1760 2311 vitilena.

231 2321 324 2355 This
352 2321 379 2354 is
405 2321 468 2354 the
502 2325 607 2354 exact
641 2321 789 2363 reading
823 2320 864 2354 of
894 2321 942 2354 D.
1015 2321 1248 2354 malesuadam
1277 2320 1421 2354 vitilena
1449 2321 1491 2356 B.
1563 2322 1760 2357 malesuada

232 2369 377 2402 Vttilena
413 2368 454 2401 C.
543 2367 739 2401 malesuada
775 2369 829 2401 Vti
861 2367 935 2401 lena
965 2367 1006 2401 F.
1098 2368 1130 2401 R
1165 2368 1227 2401 has
1259 2368 1456 2402 malesuada
1488 2370 1639 2402 invitam
1672 2370 1760 2413 lena,

230 2414 348 2449 which
374 2415 401 2447 is
427 2424 528 2447 more
554 2414 725 2458 plausible
750 2414 837 2448 than
863 2414 917 2448 his
942 2414 1172 2459 conjectures
1195 2415 1331 2459 usually
1353 2425 1426 2449 are.
1499 2417 1580 2449 vitii
1604 2415 1679 2450 lena
1696 2417 1759 2460 W,

229 2461 412 2503 following
429 2461 557 2494 Lamb.
823 2480 837 2500 Ι,

278 2519 334 2550 59.
382 2509 541 2541 inser-viis
560 2507 622 2541 Ba.
694 2510 854 2542 inserviis
873 2508 940 2542 Bb.

278 2557 335 2588 60.
384 2554 564 2588 aetatulest
582 2554 623 2588 B.
696 2555 849 2589 aetatula
866 2562 915 2588 est
931 2555 994 2588 the
1012 2559 1097 2590 rest.

277 2603 334 2635 61.
382 2602 523 2645 aginam
550 2600 612 2634 Ba.
755 2615 806 2635 me
831 2601 946 2644 velim,
970 2613 1010 2635 so
1031 2603 1094 2636 the
1116 2602 1221 2635 MSS.
1295 2614 1346 2635 me
1370 2602 1397 2636 is
1421 2601 1575 2636 omitted
1598 2602 1633 2636 in
1652 2602 1756 2646 Vulg.

227 2649 323 2682 vorti
341 2647 382 2682 B.
455 2649 548 2680 verti
567 2647 681 2680 DFZ.
825 2649 969 2693 beneficae
989 2649 1051 2682 Ba.
1287 2674 1299 2688 ε

276 2697 333 2729 62.
370 2694 493 2737 fauces
521 2694 563 2727 all
591 2694 652 2727 the
682 2694 787 2728 MSS.
940 2697 1060 2728 enicem
1096 2695 1158 2729 Ba.
1241 2697 1360 2729 enicem
1395 2695 1461 2730 Bb.
1543 2708 1666 2729 enecem
1693 2695 1756 2729 the

227 2746 311 2775 rest.

274 2791 331 2830 63.
380 2788 567 2832 impetravi
586 2787 628 2820 Z.
700 2788 901 2831 impetravit
920 2788 1033 2821 BDF.
1106 2790 1291 2832 imperavit
1310 2789 1351 2822 C.

275 2837 330 2875 64.
379 2835 504 2876 extudi,
523 2845 562 2867 so
582 2834 622 2867 B.
697 2834 780 2868 The
800 2840 871 2869 rest
890 2834 931 2868 of
945 2835 1006 2869 the
1027 2835 1132 2868 MSS.
1152 2835 1240 2868 have
1257 2835 1372 2868 extuli.
