1879 3248
199 196 214 224 1
225 185 278 226 66
633 185 835 224 PLAVTI
874 185 1279 226 MOSTELLARIA.

249 316 308 355 27.
370 307 464 354 Vide,
501 309 564 354 sis,
602 320 646 346 ne
670 310 779 360 jbrte
814 310 867 348 ad
900 310 1103 348 merendam
1141 312 1309 360 quopiam
1346 308 1570 363 devertens]
1628 310 1716 350 The

190 372 470 421 grammarians
501 373 587 412 who
617 375 772 424 explain
801 375 876 413 this
904 375 1010 413 word
1045 387 1151 413 seem
1179 382 1219 413 to
1249 376 1345 414 have
1380 376 1497 414 relied
1524 388 1633 414 more
1662 388 1716 414 on

189 437 291 475 what
317 437 406 487 they
425 438 599 477 believed
625 446 665 477 to
685 441 734 477 be
761 440 808 478 its
836 440 1058 489 etymology
1071 440 1170 478 than
1190 452 1297 490 upon
1319 453 1505 491 passages
1531 448 1570 479 to
1591 441 1716 479 which

193 502 282 552 they
303 503 417 540 could
437 503 544 541 refer.
594 504 704 541 Thus
725 503 829 542 Paul.
851 504 960 542 Diae.
982 517 1018 554 p.
1039 517 1125 553 123,
1146 505 1205 543 ed.
1228 506 1349 551 Mun„
1371 505 1623 543 “Merendam
1648 518 1717 544 an-

191 568 288 616 tiqui
309 568 488 605 dicebant
507 580 578 616 pro
600 569 773 617 prandio,
797 570 905 617 quod
925 570 1055 606 medio
1076 570 1136 607 die
1157 578 1356 619 caperetur
1368 570 1401 617 ;''
1433 571 1510 608 and
1539 571 1578 608 in
1605 583 1642 620 p.
1665 580 1715 619 59

190 645 247 670 we
277 632 378 677 read,
401 632 570 681 “Cyprio
599 633 682 670 bovi
707 634 910 670 merendam
939 633 1089 671 Ennius
1119 635 1293 673 sotadico
1322 647 1434 673 versu
1462 647 1582 684 quum
1611 635 1716 681 dixit,

192 698 420 747 significant
446 698 496 742 id,
518 698 623 746 quod
644 698 742 735 solet
762 698 842 735 fieri
869 698 907 735 in
933 698 1059 735 insula
1080 697 1222 748 Cypro,
1244 700 1284 737 in
1304 711 1380 748 qua
1399 701 1519 738 boves
1545 700 1716 738 humano

193 769 359 799 stercore
380 762 622 810 pascuntur.’'
662 761 765 800 Non.
783 761 954 800 Marcell.
978 775 1014 812 p.
1033 765 1093 809 28,
1112 763 1324 801 “Merenda
1344 764 1479 802 dicitur
1499 765 1608 803 cibus
1628 772 1718 814 post

192 828 392 865 meridiem
421 828 486 876 qui
517 827 635 865 datur.
692 828 885 874 Afranius,
915 828 1077 866 Fratris:
1109 828 1264 867 Interim
1290 829 1509 867 flIerendam
1538 843 1716 868 occurro:

189 893 243 929 ad
256 905 376 929 cenam
397 905 477 929 cum
492 894 578 929 veni
592 892 730 930 iuvat.''
774 893 910 931 Isidor.
927 893 1014 931 XX.
1035 907 1068 939 2,
1090 897 1107 938 ,ὁ
1128 906 1187 939 12,
1206 894 1417 932 “Merenda
1438 902 1496 932 est
1515 895 1635 941 cibus,
1651 895 1717 945 qui

190 957 405 995 declinante
426 957 486 995 die
507 958 679 1003 sumitur,
700 958 809 1007 quasi
830 965 919 1007 post
938 959 1137 996 meridiem
1157 959 1309 997 edenda
1329 967 1367 997 et
1387 960 1565 1009 proxima
1584 972 1716 998 cenae.

189 1021 305 1059 Vnde
338 1029 376 1060 et
404 1022 620 1060 Antecenia
652 1035 675 1060 a
704 1024 936 1072 quibusdam
965 1030 1162 1062 vocantur.
1221 1024 1320 1062 Item
1349 1023 1575 1062 Merendare
1606 1025 1717 1074 quasi

188 1087 318 1125 medio
347 1087 408 1125 die
435 1087 584 1125 edere.'’
633 1088 772 1137 Again,
794 1088 881 1126 XX.
905 1101 939 1137 3,
961 1092 979 1135 ξ
1001 1101 1036 1137 3,
1063 1088 1246 1126 “Merum
1273 1089 1449 1134 dicimus,
1471 1101 1561 1127 cum
1584 1090 1717 1128 vinum

188 1165 328 1202 purum
349 1153 621 1202 significamus.
658 1153 762 1191 Nam
781 1166 932 1192 merum
954 1155 1118 1193 dicimus
1133 1155 1321 1205 quidquid
1341 1168 1480 1204 purum
1500 1163 1614 1205 atque
1639 1157 1716 1194 sin-

189 1229 320 1255 cerum
339 1225 408 1263 est,
430 1219 527 1256 sicut
547 1225 584 1256 et
603 1230 744 1268 aquam
763 1232 922 1266 meram,
943 1220 1034 1257 nulli
1054 1221 1185 1269 utique
1206 1221 1259 1258 rei
1280 1221 1502 1258 admixtam.
1552 1221 1659 1260 Hinc
1679 1228 1717 1260 et

189 1281 384 1328 Merenda,
405 1283 512 1332 quod
541 1283 749 1333 antiquitus
785 1284 824 1321 id
859 1285 1044 1333 temporis
1073 1286 1200 1334 pueris
1230 1286 1416 1335 operariis
1437 1287 1576 1335 quibus
1604 1286 1716 1336 panis

189 1358 318 1384 merus
339 1347 500 1385 dabatur
517 1354 582 1385 aut
601 1348 708 1397 quod
727 1349 918 1385 meridient
937 1349 1078 1386 eodem
1098 1356 1285 1399 tempore,
1306 1350 1346 1388 id
1365 1357 1424 1388 est
1443 1351 1514 1388 soli
1539 1363 1584 1388 ac
1605 1363 1716 1400 sepa-

189 1413 312 1457 ratim,
340 1424 420 1449 non
440 1413 571 1462 utique
601 1413 640 1450 in
667 1413 829 1462 prandio
859 1420 924 1450 aut
952 1414 992 1451 in
1022 1426 1120 1451 cena
1148 1414 1198 1452 ad
1224 1426 1346 1452 unum
1373 1427 1560 1453 mensam.
1619 1416 1716 1455 Inde

189 1477 381 1514 credimus
408 1477 523 1515 etiam
550 1477 641 1515 illud
665 1484 829 1526 tempus,
850 1478 957 1527 quod
985 1485 1075 1527 post
1104 1479 1275 1517 medium
1306 1480 1408 1517 diem
1436 1487 1505 1526 est,
1532 1481 1716 1517 meridiem

188 1542 383 1590 appellari,
414 1542 521 1590 quod
554 1554 694 1591 purum
728 1542 810 1580 sit.''
867 1542 1099 1592 Calpurnius
1135 1544 1285 1582 Siculus
1319 1544 1351 1581 is
1381 1543 1444 1581 the
1475 1545 1567 1594 only
1594 1546 1717 1583 writer

189 1606 276 1644 who
305 1607 444 1656 speaks
477 1608 679 1657 distinctly‚
705 1608 782 1645 and
810 1608 869 1646 his
897 1609 1081 1646 evidence
1111 1617 1256 1647 cannot
1284 1621 1392 1659 carry
1420 1610 1537 1648 much
1563 1611 1716 1659 weight‚

189 1684 232 1709 as
258 1685 313 1709 we
343 1672 459 1710 know
483 1679 552 1710 not
578 1673 642 1710 the
669 1673 803 1722 period
831 1680 870 1711 to
895 1673 1018 1711 which
1047 1674 1095 1711 he
1123 1674 1298 1723 belongs,
1319 1673 1400 1712 Ecl.
1422 1674 1470 1712 V.
1493 1677 1555 1721 60,
1587 1675 1717 1713 Verum

189 1737 256 1774 ubi
288 1738 422 1774 declivi
455 1725 528 1774 iam
567 1750 662 1774 nona
701 1743 866 1787 tepescere
901 1739 972 1776 sole
1004 1738 1170 1788 Incipiet,
1205 1752 1372 1788 seraeque
1409 1740 1589 1778 videbitur
1620 1740 1716 1778 hora

188 1802 383 1848 merendae,
398 1801 555 1839 Rursus
563 1810 672 1851 pasce
680 1816 811 1852 greges
830 1807 863 1839 et
879 1810 1004 1852 opacos
1023 1804 1140 1840 desere
1158 1805 1267 1841 lucos.
1304 1804 1352 1841 In
1369 1803 1518 1842 Seneca
1531 1804 1715 1843 Controv.

188 1867 237 1905 V.
268 1880 330 1915 33,
359 1879 469 1905 some
498 1868 630 1917 copies
661 1868 756 1905 have
791 1868 854 1906 the
883 1869 990 1906 word
1019 1870 1276 1915 merendarios,
1307 1869 1431 1907 which
1464 1878 1567 1908 must
1600 1882 1716 1907 mean

188 1933 377 1982 ‘beggars
404 1933 491 1970 who
517 1940 617 1970 went
646 1934 765 1971 about
794 1934 999 1983 collecting
1029 1934 1184 1984 scraps,’
1215 1935 1283 1972 but
1312 1935 1442 1972 others
1471 1936 1563 1973 read
1587 1947 1716 1972 merce-

186 1999 323 2035 narios.
382 1998 428 2035 In
448 1997 604 2036 Plautus
628 2010 684 2036 we
714 1998 854 2036 should
880 1999 1070 2036 conclude
1100 1999 1180 2036 that
1210 1999 1273 2037 the
1300 2000 1467 2036 merenda
1491 2012 1569 2037 was
1599 1999 1715 2037 taken

187 2064 306 2101 about
328 2063 393 2101 the
420 2064 511 2101 time
535 2063 581 2101 of
602 2076 646 2101 or
675 2075 777 2101 soon
806 2064 901 2101 after
925 2064 988 2102 the
1007 2065 1220 2112 prandium,
1242 2077 1284 2102 as
1313 2064 1420 2103 Simo
1449 2077 1472 2102 a
1501 2065 1608 2102 short
1631 2077 1715 2114 way

187 2128 318 2166 before
343 2128 484 2178 speaks
505 2128 549 2166 of
568 2128 709 2177 having
730 2128 894 2166 finished
913 2129 972 2166 his
983 2129 1201 2177 prandium.

244 2206 305 2241 43.
336 2199 432 2241 prae
458 2190 582 2244 quam]
613 2193 634 2230 i.
650 2205 681 2230 e.
708 2196 716 2211 ⁴
731 2194 770 2229 in
794 2194 1042 2242 comparison
1064 2193 1151 2230 with
1164 2194 1185 2240 ;'
1215 2194 1293 2232 and
1317 2206 1362 2232 so
1381 2193 1517 2239 below,
1538 2193 1586 2231 V.
1608 2193 1642 2230 ii.
1665 2203 1713 2241 25

189 2258 255 2304 (iii.
287 2260 366 2305 25),
390 2264 485 2306 prae
513 2269 622 2305 quam
651 2257 782 2305 quibus
811 2258 924 2294 modis
953 2270 1006 2294 me
1033 2258 1246 2307 ludificatus
1273 2263 1353 2302 est,·
1389 2258 1466 2296 and
1496 2270 1540 2296 so
1569 2258 1712 2307 Amph.

185 2323 237 2360 II.
272 2323 307 2360 ii.
341 2335 375 2370 3,
415 2322 501 2358 Aul.
533 2321 606 2358 III.
633 2334 666 2358 v.
701 2334 762 2369 33,
793 2322 882 2359 with
920 2322 1106 2371 precisely
1147 2322 1210 2360 the
1255 2334 1362 2360 same
1402 2323 1599 2371 meaning.
1665 2322 1714 2360 In

184 2387 303 2425 Merc.
326 2386 424 2424 Prol.
450 2399 496 2434 23
529 2386 594 2424 the
624 2398 692 2424 use
726 2386 769 2431 is,
802 2393 840 2423 at
873 2387 953 2424 first
987 2387 1099 2435 sight,
1129 2387 1326 2434 different;
1361 2386 1442 2424 lVec
1462 2387 1529 2436 pol
1554 2386 1714 2437 prr->fecto

182 2454 374 2501 quisquam
405 2453 482 2488 sine
507 2452 655 2500 grandi
682 2451 787 2497 malo,
816 2451 1031 2500 Praequam
1066 2464 1124 2489 res
1148 2453 1307 2501 patitur,
1336 2453 1478 2489 studuit
1506 2452 1712 2501 elegantiae,

183 2517 205 2554 i.
221 2529 252 2554 e.
284 2520 347 2554 ‘to
377 2529 399 2553 a
427 2523 576 2564 greater
603 2523 733 2554 extent
760 2516 851 2553 than
881 2517 912 2554 is
942 2517 1175 2566 compatible
1203 2517 1293 2554 with
1322 2517 1382 2554 his
1409 2516 1566 2562 means,’
1588 2516 1713 2554 which

183 2594 328 2626 means,
357 2582 468 2619 when
503 2594 525 2618 a
553 2594 645 2618 man
675 2582 853 2630 indulges
887 2582 927 2618 in
962 2582 1070 2619 show
1102 2594 1146 2619 or
1177 2582 1312 2631 luxury
1341 2589 1408 2620 too
1443 2589 1552 2631 great
1581 2582 1714 2619 ‘when

182 2647 391 2697 compared
419 2646 523 2684 with’
558 2658 602 2684 or
638 2647 699 2683 ‘in
734 2647 983 2696 comparison
1013 2647 1101 2684 with
1130 2647 1189 2685 his
1223 2647 1383 2685 means.'
1441 2647 1529 2684 The
1564 2646 1712 2684 combi-

181 2712 314 2749 nation
336 2719 432 2760 prae
461 2713 559 2760 quod
582 2712 614 2749 is
643 2711 765 2749 found
795 2712 834 2749 in
863 2711 979 2749 Stich.
1002 2712 1053 2749 II.
1075 2712 1110 2749 ii.
1136 2714 1197 2760 38,
1225 2711 1306 2749 Imo
1332 2724 1392 2749 res
1419 2724 1538 2749 omnes
1566 2712 1712 2749 relictas

179 2777 289 2814 habeo
300 2784 395 2825 prae
413 2778 510 2825 quod
524 2782 563 2814 lu
583 2777 685 2821 velis,
717 2780 803 2822 ‘no‚
826 2788 889 2822 no,
911 2777 929 2814 I
951 2777 1131 2814 consider
1151 2777 1200 2814 all
1220 2776 1350 2826 things
1370 2789 1412 2814 as
1433 2777 1478 2814 of
1493 2776 1711 2825 secondary

179 2842 418 2890 importance
445 2842 483 2878 in
505 2841 753 2890 comparison
774 2841 863 2878 with
884 2841 983 2878 what
1007 2853 1084 2889 you
1105 2853 1192 2889 may
1215 2841 1307 2878 wish
1322 2841 1342 2886 ;’
1372 2853 1417 2878 so
1438 2841 1518 2878 also
1538 2847 1634 2889 prae
1659 2844 1709 2885 ut,

180 2906 321 2954 Amph.
353 2906 380 2943 I.
413 2907 434 2943 i.
466 2908 552 2950 218,
606 2905 644 2943 S.
682 2905 800 2943 Perii.
854 2905 914 2943 M.
952 2905 1100 2943 Parum
1129 2907 1246 2951 etiam,
1269 2913 1363 2954 prae
1392 2910 1434 2942 ul
1444 2905 1631 2955 futurum
1660 2909 1714 2942 est
