1879 3248
236 265 258 301 8
678 267 880 306 PLAVTI
921 269 1326 308 MOSTELLARIA.

232 388 414 446 Qando
447 390 517 430 hic
550 396 673 431 natus
705 403 782 434 est.
847 393 897 433 Ei
932 395 993 433 rei
1025 401 1273 448 argumenta
1305 395 1459 436 dicam.

233 462 374 515 Atque
406 463 485 504 hoc
516 464 623 503 haud
655 465 824 505 videtur
856 469 946 506 veri
980 469 1124 508 simile
1156 469 1310 509 vobis?
1714 482 1764 509 10

231 535 289 575 At
326 549 404 589 ego
435 537 477 576 id
512 537 667 578 faciam
700 552 789 579 esse
824 541 884 580 ita
915 547 960 580 ut
991 541 1186 582 credatis.

230 608 440 664 Profecto,
483 612 545 651 ita
587 625 678 653 esse
728 620 774 654 ut
815 614 1014 667 praedico
1054 629 1168 669 vera,
1212 617 1409 657 vincam:
1460 623 1584 669 atque
1627 616 1704 656 hoc

403 691 569 725 vosmet
603 687 702 739 ipsi,

228 755 341 810 Scio,
372 758 551 810 proinde
582 760 644 798 uti
678 773 792 801 nunc
822 774 902 814 ego
933 775 1024 802 esse
1055 768 1244 817 autumo,

228 829 412 885 Qando
440 830 557 872 dicta
587 833 771 875 audietis
804 848 914 889 mea,
945 836 1054 876 haud
1084 837 1210 877 aliter
1242 837 1285 877 id
1316 836 1483 877 dicetis.

229 905 494 960 Auscultate,
525 914 775 960 argumenta
806 909 906 949 dum
938 910 1034 950 dico
1065 911 1116 950 ad
1150 911 1258 951 hanc
1290 924 1406 951 rem:
1711 921 1760 965 15

226 977 360 1018 Simul
393 992 592 1032 gnarures
626 994 701 1022 vos
735 983 834 1023 volo
870 997 960 1024 esse
993 984 1102 1025 hanc
1135 998 1223 1024 rem
1258 998 1437 1025 mecum.

227 1052 367 1093 Aedes
397 1066 525 1106 quom
557 1056 773 1111 extemplo
807 1064 906 1098 sunt
940 1065 1126 1113 paratae,
1161 1059 1392 1113 expolitae,

226 1126 380 1167 Factae
413 1128 558 1183 probe,
591 1132 877 1171 examussim:

227 1200 423 1243 Laudant
463 1202 627 1244 fabrum
669 1211 793 1258 atque
836 1205 962 1247 aedes
1003 1207 1212 1261 probant3
1260 1208 1343 1247 sibi
1385 1207 1560 1260 quisque
1601 1206 1702 1246 inde

400 1278 641 1331 exemplum
677 1286 894 1333 expetunt.

226 1348 313 1389 Sibi
335 1351 509 1403 quisque
531 1353 690 1406 simile,
720 1366 794 1393 suo
819 1367 948 1407 usque
977 1360 1174 1409 sumptu3
1206 1341 1376 1409 operam
1406 1368 1492 1394 non
1525 1359 1700 1409 parcunt

402 1438 532 1467 suam.
1706 1442 1758 1471 20

230 1499 370 1552 Atque
404 1500 476 1540 ubi
512 1501 588 1541 illo
622 1503 824 1556 inmigrat
857 1517 1037 1557 nequam
1068 1505 1194 1545 homo
1232 1505 1545 1558 indiligensque

277 1709 400 1733 10—12.
450 1698 482 1731 R
500 1698 669 1734 brackets
686 1700 789 1735 these
806 1702 910 1736 three
929 1703 1028 1737 lines.
1095 1703 1145 1736 W
1163 1703 1333 1737 brackets
1351 1704 1422 1737 line
1446 1714 1457 1736 1
1469 1715 1481 1736 1
1504 1703 1600 1747 only.

279 1757 332 1778 11.
380 1758 448 1779 esse
466 1747 528 1788 ita,
552 1757 592 1780 so
609 1747 672 1780 the
691 1747 798 1783 MSS.
876 1750 919 1782 In
944 1750 973 1783 B
996 1751 1047 1784 ita
1069 1760 1218 1793 appears
1240 1750 1366 1784 erased
1388 1749 1505 1784 either
1525 1750 1572 1794 by
1593 1748 1655 1783 the
1680 1748 1756 1783 first

225 1791 320 1825 hand
334 1802 376 1825 or
388 1792 436 1836 by
450 1792 484 1826 b.
535 1793 708 1838 Possibly‚
727 1795 907 1839 however,
926 1797 953 1830 it
967 1797 994 1830 is
1012 1797 1096 1841 only
1113 1797 1176 1831 the
1193 1797 1316 1831 stroke
1335 1797 1377 1831 of
1389 1797 1451 1831 the
1469 1803 1483 1830 t
1501 1796 1757 1840 exaggerated.

224 1840 276 1872 ita
292 1851 360 1872 esse
378 1839 423 1882 R,
441 1838 624 1883 following
642 1841 848 1877 Hermann.

278 1897 289 1919 1
300 1897 331 1920 2.
379 1887 430 1919 ita
446 1899 523 1929 esse,
537 1897 577 1920 so
594 1887 656 1921 the
675 1888 782 1923 MSS.
842 1902 910 1923 esse
921 1891 983 1932 ita,
1000 1890 1098 1932 RW,
1113 1890 1296 1933 following
1311 1891 1514 1924 Hermann.
1618 1889 1753 1934 predico

226 1931 269 1966 Β.
411 1946 510 1975 vera,
529 1944 569 1967 So
586 1934 649 1968 the
668 1935 774 1969 MSS.
845 1950 939 1979 vero,
954 1937 1069 1980 Vulg.‚
1087 1937 1270 1980 following
1290 1937 1414 1981 Pylad.

278 1990 403 2021 12-14.
452 1980 578 2014 There
603 1992 670 2015 can
695 1982 741 2016 be
767 1993 815 2016 no
841 1983 1026 2028 objection
1044 1989 1083 2018 to
1106 1995 1257 2027 arrange
1275 1985 1377 2018 these
1395 1985 1484 2018 lines
1505 1994 1542 2018 as
1562 1983 1751 2018 Hermann

224 2025 286 2060 has
309 2026 465 2070 done,—

508 2074 681 2108 Profecto
710 2075 758 2109 ita
785 2086 863 2110 esse
890 2081 930 2111 ut
957 2077 1128 2121 praedico
1155 2089 1239 2112 vera
1266 2079 1405 2112 vincam

506 2121 628 2164 Atque
655 2121 725 2156 hoc
752 2128 892 2157 vosmet
919 2124 995 2167 ipsi,
1022 2125 1108 2166 scio,
1136 2125 1288 2168 proinde
1315 2126 1366 2158 uti
1393 2135 1489 2159 nunc

507 2167 585 2210 Ego
612 2178 689 2202 esse
718 2173 867 2203 autumo
893 2171 1039 2214 quando
1066 2171 1163 2205 dicta
1189 2172 1352 2206 audietis.

275 2259 328 2289 ¹4·
377 2260 451 2281 mea
480 2273 488 2282 .
517 2274 526 2282 .
552 2273 562 2282 .
578 2249 691 2283 dicetis
710 2249 785 2284 BC.
855 2251 994 2285 dicentes
1013 2252 1082 2287 Da.
1155 2266 1241 2296 mea,
1258 2253 1360 2287 aliter
1376 2253 1444 2286 hau
1461 2253 1573 2286 dicetis
1594 2251 1639 2285 R.

274 2306 326 2337 15,
348 2296 401 2328 16.
453 2294 484 2327 R
504 2295 672 2329 brackets
689 2297 791 2331 these
809 2297 909 2332 lines.

275 2343 328 2375 16.
378 2341 487 2375 Simul
506 2355 676 2386 gnarures
706 2357 780 2387 vos,
806 2355 846 2378 So
876 2345 1005 2380 Lamb.
1032 2356 1079 2379 on
1110 2346 1206 2391 conj.
1255 2346 1340 2380 The
1367 2346 1473 2380 MSS.
1500 2355 1561 2380 are
1588 2349 1749 2390 corrupt.

221 2388 330 2421 Simul
338 2401 412 2433 gna
430 2390 504 2422 ruri
520 2402 576 2422 suo
595 2389 636 2424 B.
705 2391 814 2425 Simul
821 2394 1030 2436 gnarurisuo
1048 2393 1130 2427 CD.
1274 2393 1304 2427 C
1323 2393 1430 2427 omits
1446 2394 1544 2427 hanc.

272 2445 326 2476 17.
374 2448 469 2479 quom
487 2435 545 2469 for
561 2450 636 2471 cum
654 2436 730 2472 BF.
865 2446 993 2483 parate
1010 2438 1201 2484 (paratae)
1220 2440 1262 2474 B.

272 2512 326 2544 18.
373 2511 568 2544 examissim
587 2511 628 2554 B,
645 2511 708 2545 the
726 2524 747 2544 u
762 2511 870 2555 being
887 2524 908 2547 a
925 2514 1130 2547 correction
1147 2513 1195 2558 by
1213 2524 1245 2548 c.

272 2567 325 2598 19.
373 2557 468 2590 aedes
486 2557 563 2592 ΒΖ.
634 2559 705 2591 edes
724 2559 827 2591 CDF
846 2559 1100 2604 (accusative).

269 2614 325 2636 20.
376 2603 408 2636 R
426 2603 594 2637 brackets
611 2605 681 2638 this
699 2605 781 2647 line,
799 2606 870 2638 and
887 2617 927 2639 so
948 2607 1022 2640 also
1040 2607 1103 2641 W.
1247 2608 1355 2641 simile
1371 2620 1429 2641 suo
1447 2619 1545 2651 usque
1561 2613 1704 2651 sumptu,
1725 2617 1746 2640 a

219 2649 315 2693 conj.
334 2649 477 2683 emend.
495 2650 565 2684 due
584 2655 622 2684 to
641 2652 785 2685 Camer.
835 2652 919 2686 The
946 2653 1051 2687 MSS.
1077 2664 1138 2688 are
1164 2659 1323 2697 corrupt.
1397 2654 1499 2687 BCD
1525 2654 1615 2687 have
1639 2653 1747 2687 simile
1803 2694 1806 2699 Ι

218 2708 274 2729 suo
299 2697 328 2729 is
354 2709 417 2729 sua
442 2704 585 2742 sumptu,
611 2702 741 2741 except
766 2698 845 2732 that
872 2699 906 2732 D
934 2699 996 2733 has
1020 2702 1112 2734 issua
1137 2701 1208 2735 and
1234 2701 1302 2734 CD
1332 2705 1477 2746 sumpti.
1547 2700 1655 2734 simile
1677 2701 1746 2733 suis

218 2755 275 2775 suo
303 2750 436 2787 sumptu
466 2743 506 2777 F.
579 2745 697 2778 similis
724 2747 792 2779 suis
821 2753 955 2790 sumptu
983 2759 1040 2780 suo
1069 2748 1111 2782 Z.
1183 2748 1302 2782 similis
1336 2749 1412 2782 volt
1443 2760 1499 2781 suo
1531 2754 1665 2791 sumptu
1700 2746 1746 2780 R.

218 2798 352 2833 operam
377 2803 439 2823 non
457 2798 606 2834 parcunt
630 2805 738 2834 suam,
760 2803 800 2826 so
819 2793 1009 2827 Hermann
1027 2805 1074 2827 on
1093 2794 1189 2838 conj.
1262 2804 1395 2840 operam
1414 2801 1563 2839 parcunt
1586 2806 1683 2827 suam
1703 2793 1745 2827 Β.

217 2841 314 2880 operti
323 2844 468 2880 pascunt
484 2844 545 2871 suci
564 2838 699 2872 CDFZ
720 2839 800 2883 (sua
819 2839 881 2884 C).
954 2849 1069 2885 operae
1085 2855 1124 2875 ne
1136 2849 1284 2887 parcunt
1299 2855 1389 2886 suae,
1409 2842 1553 2875 Camer.
1570 2851 1617 2873 on
1636 2840 1745 2883 conj„

216 2883 286 2916 and
304 2894 345 2917 so
364 2884 466 2926 Vulg.
482 2884 543 2918 W.

267 2942 321 2964 21.
370 2932 535 2974 inmigrat
554 2931 596 2965 C.
739 2933 982 2978 imliltgensque,
1002 2946 1041 2968 so
1059 2934 1120 2969 the
1140 2935 1245 2969 MSS.
1320 2935 1443 2980 Pylad.
1462 2934 1568 2968 omits
1586 2946 1654 2977 que,
1673 2933 1742 2967 and

217 2978 243 3010 is
262 2977 429 3011 followed
448 2978 494 3022 by
516 2977 612 3011 RW.
