1879 3248
246 221 267 263 7
275 210 298 250 8
680 210 881 250 PLAVTI
920 211 1325 252 MOSTELLARIA.

244 333 471 387 Postquam
503 346 554 374 ex
584 334 810 388 opsidione
841 335 887 374 in
918 340 1057 374 tutum
1087 335 1211 375 eduxi
1245 335 1500 389 maniplares
1531 347 1675 376 meos:

244 406 386 462 Capio
415 408 660 462 consilium,
691 415 737 448 ut
767 415 963 448 senatum
994 421 1302 462 congerronum
1329 421 1594 462 convocem3

243 481 384 539 Qem
413 495 539 536 quom
576 484 827 536 convocavi,
857 489 981 536 atque
1015 483 1080 522 illi
1113 495 1181 522 me
1211 496 1262 522 ex
1293 493 1443 522 senatu
1474 489 1710 537 segregant.

243 556 326 596 Vbi
357 564 523 609 egomet
545 556 670 595 video
699 557 809 596 vorti
839 569 928 595 rem
956 558 1001 595 in
1029 569 1126 595 meo
1151 556 1257 610 foro,
1279 563 1482 608 quantum
1509 563 1666 611 potest,
1716 570 1767 598 10

243 629 371 670 Facio
414 629 544 683 idem,
575 629 686 682 quod
726 629 898 683 plurimi
931 629 1024 684 alii,
1054 630 1206 682 quibus
1235 643 1301 670 res
1330 630 1486 670 timida
1513 637 1587 670 aut
1623 637 1710 670 tur-

415 701 513 741 bida
543 708 634 742 est:

243 775 426 829 Pergunt
457 776 622 816 turbare
654 788 798 829 usque,
830 781 875 815 ut
908 788 962 815 ne
991 775 1092 828 quid
1125 776 1259 829 possit
1292 776 1604 828 conquiescere.

243 849 362 889 Nam
414 851 505 889 scio
557 849 766 903 equidem,
821 850 938 889 nullo
987 856 1112 903 pacto
1161 851 1246 889 iam
1292 862 1382 890 esse
1430 862 1552 903 posse
1598 850 1708 890 clam

415 935 573 962 senem.

241 995 320 1036 Sed
351 995 451 1048 quid
484 997 562 1036 hoc
593 1002 673 1050 est,
705 996 816 1049 quod
850 996 952 1036 foris
987 997 1232 1049 concrepuit
1266 1008 1465 1049 proxuma
1496 997 1693 1037 vicinia?

243 1069 384 1110 Herus
417 1083 534 1110 meus
566 1070 636 1110 hic
665 1070 838 1123 quidem
870 1076 948 1112 est.
1009 1069 1191 1109 Gustare
1224 1082 1302 1123 ego
1337 1071 1428 1110 eius
1467 1082 1707 1111 sermonem

413 1143 523 1183 volo.
606 1154 660 1187 ,ο
681 1142 768 1203 2ss
1713 1154 1764 1197 15

598 1338 836 1386 ACTVS
887 1339 946 1385 V.
1039 1338 1282 1386 SCENA
1338 1340 1407 1386 ΙΙ.

645 1476 767 1514 THE
775 1477 1076 1516 VROPIDES.
1138 1477 1372 1516 TRANIO.

304 1604 381 1641 TH.
426 1600 534 1641 Ilico
579 1602 690 1642 intra
734 1601 867 1641 limen
908 1607 1045 1642 astate
1079 1602 1197 1642 illic:
1240 1608 1301 1656 ut,
1333 1614 1460 1655 quom
1493 1602 1707 1656 extemplo

413 1687 578 1729 vocem,

288 1817 319 1846 7.
368 1807 529 1841 obsidione
548 1807 622 1841 FZ.
695 1808 889 1852 opsidionem
908 1807 1064 1850 BaCDa,
1083 1819 1127 1842 an
1145 1808 1290 1842 evident
1306 1807 1470 1842 blunder.

287 1857 319 1888 8.
369 1866 584 1899 congeronum
603 1854 669 1888 Bb.
742 1867 951 1899 congeronem
970 1855 1021 1888 Ba
1039 1855 1108 1888 and
1125 1855 1187 1889 the
1205 1860 1278 1888 rest
1296 1855 1338 1889 of
1350 1855 1412 1889 the
1431 1855 1536 1888 MSS.

288 1936 320 1966 9.
370 1925 474 1968 Quem
499 1936 572 1957 cum
597 1926 785 1958 convocavi
810 1924 953 1958 Camer.
1027 1925 1133 1968 Quom
1158 1926 1346 1958 convocavi
1371 1924 1412 1958 B.
1495 1925 1561 1969 Qm
1593 1925 1763 1958 cuvocavi

240 1971 322 2005 CD.
372 1972 478 2015 Quom
501 1983 575 2004 eum
601 1973 788 2004 convocavi
816 1971 859 2005 R.
1003 1979 1212 2005 EXSENATU
1240 1971 1269 2005 is
1293 1971 1367 2004 said
1392 1975 1432 2004 to
1456 1971 1502 2005 be
1526 1970 1589 2004 the
1615 1971 1764 2014 reading

239 2017 281 2050 of
295 2018 338 2051 A.
410 2030 427 2050 e
443 2017 505 2050 the
524 2022 599 2051 rest
619 2017 660 2051 of
678 2018 741 2051 the
760 2018 866 2051 MSS.
1009 2025 1126 2051 senatu
1146 2018 1187 2052 F.
1258 2025 1393 2051 senatus
1411 2028 1453 2051 or
1468 2023 1627 2052 saenatus
1645 2017 1760 2060 BCD,

238 2074 282 2096 an
300 2064 449 2097 obvious
466 2064 630 2098 blunder.
771 2071 973 2108 segraegant
991 2064 1033 2098 C.

290 2122 342 2143 10.
392 2110 483 2143 This
517 2110 586 2143 line
620 2111 648 2143 is
677 2111 829 2154 entirely
857 2110 1011 2144 omitted
1038 2111 1071 2143 in
1103 2110 1144 2144 Β.
1285 2117 1411 2154 egomet
1439 2110 1481 2144 Z.
1622 2123 1681 2155 ego
1710 2123 1762 2144 me

238 2156 307 2190 CD
314 2157 354 2190 F.
496 2169 566 2189 rem
584 2158 677 2190 verti
695 2157 819 2200 Pylad.
890 2158 983 2190 verti
1000 2169 1070 2190 rem
1091 2157 1131 2190 F.
1146 2156 1249 2199 Vulg.
1322 2164 1443 2191 ventre
1460 2157 1542 2190 CD.

290 2215 302 2235 1
314 2214 342 2236 1.
380 2202 476 2245 satio
500 2202 542 2236 B.
676 2203 820 2247 plurimi
836 2203 898 2236 the
915 2203 1022 2237 MSS.
1094 2215 1126 2236 v.
1143 2215 1181 2244 14
1194 2205 1355 2248 proxima
1372 2203 1434 2237 the
1453 2204 1558 2237 MSS.
1700 2203 1763 2237 alii

236 2249 349 2293 quibus
369 2250 512 2282 Camer.
583 2249 745 2293 aliquibus
765 2250 878 2283 BCD.
950 2249 1062 2293 quibus
1084 2250 1158 2283 FZ.

289 2307 342 2329 12.
392 2303 427 2328 ut
444 2308 482 2329 ne
498 2296 577 2339 quid
583 2298 691 2340 possit
709 2297 852 2330 Camer.
923 2304 960 2329 ut
981 2309 1019 2330 ne
1040 2297 1120 2340 quid
1138 2298 1183 2330 sit
1199 2296 1241 2330 B.
1313 2303 1350 2330 ut
1374 2297 1454 2341 quid
1474 2298 1519 2330 sit
1537 2296 1600 2330 the
1625 2300 1700 2330 rest
1723 2295 1766 2330 of

236 2342 304 2422 the1
314 2343 510 2430 RIS{.'escio
529 2389 590 2432 Ba,
609 2401 652 2423 an
672 2389 815 2423 evident
833 2389 997 2423 blunder.
1140 2389 1245 2423 After
1261 2389 1331 2423 this
1349 2389 1420 2423 line
1437 2389 1541 2424 there
1564 2400 1625 2423 are
1642 2394 1761 2423 traces

240 2436 275 2469 in
294 2437 325 2469 A
344 2435 386 2468 of
399 2446 506 2470 seven
525 2437 612 2470 lines
638 2437 839 2478 altogether
856 2436 1008 2470 omitted
1028 2436 1061 2470 in
1081 2435 1264 2478 BCDFZ,
1282 2437 1347 2470 but
1364 2436 1406 2469 of
1424 2436 1526 2470 these
1551 2436 1635 2480 only
1657 2436 1761 2470 three

241 2482 434 2526 disjointed
452 2483 569 2515 words
587 2494 651 2516 can
671 2483 715 2516 be
739 2483 1099 2527 decyphered—MET
1118 2494 1161 2516 or
1178 2491 1256 2516 AVT
1275 2488 1311 2516 at
1336 2483 1398 2517 the
1418 2483 1612 2526 beginning
1636 2482 1679 2516 of
1697 2482 1761 2516 the

240 2529 348 2570 third,
376 2537 450 2563 PRO
476 2534 512 2563 at
536 2529 598 2563 the
624 2530 815 2573 beginning
840 2529 882 2563 of
902 2530 964 2563 the
989 2529 1122 2572 fourth,
1147 2530 1216 2563 and
1242 2538 1332 2563 ILLE
1357 2534 1394 2563 at
1418 2529 1480 2563 the
1506 2529 1699 2572 beginning
1723 2528 1765 2562 of

240 2575 457 2663 theijfthg'ed
480 2623 558 2666 quid
583 2622 717 2656 BbFZ.
790 2623 854 2656 Sed
880 2625 934 2667 qui
965 2623 1099 2657 BaCD.
1234 2624 1397 2667 proxima
1423 2623 1552 2656 vicinia
1575 2621 1760 2656 ABDFZ.

236 2670 392 2702 oroxima
410 2670 526 2702 vicina
545 2670 586 2710 C,
605 2680 648 2702 an
667 2669 815 2702 obvious
833 2669 997 2703 blunder.
1062 2678 1228 2714 proxume
1244 2671 1391 2703 viciniae
1409 2669 1454 2702 R.

234 2727 302 2795 the1
311 2716 489 2796 {estsem
514 2728 602 2748 meus
622 2716 662 2757 B,
680 2727 723 2749 an
750 2716 894 2750 evident
917 2716 1083 2750 blunder.
1223 2724 1426 2756 QL'IDEMST
1445 2717 1489 2750 A.
1559 2715 1687 2760 quidem
1711 2721 1760 2749 est

286 2877 314 2898 1.
367 2865 442 2898 Ilico
462 2865 571 2898 AFZ.
644 2865 728 2899 illico
749 2869 912 2908 ‘praeter
939 2868 1089 2900 morem’
1113 2867 1226 2900 BCD.
1370 2867 1469 2900 limen
1493 2873 1605 2900 astate
1628 2866 1696 2899 illic
1722 2873 1757 2899 ut

234 2925 317 2952 cum,
337 2923 376 2944 so
393 2912 454 2945 the
476 2912 578 2945 MSS.
652 2912 749 2945 limen
777 2915 843 2945 ista
869 2920 955 2947 state
981 2921 1016 2946 ut
1042 2927 1135 2957 quom
1159 2914 1200 2947 R.
1276 2913 1357 2947 The
1379 2918 1496 2947 traces
1514 2913 1547 2946 in
1567 2914 1595 2946 A
1615 2923 1676 2946 are
1694 2917 1756 2946 too
