1879 3248
530 237 710 275 ACTVS
752 237 822 274 ΙΙΙ.
902 236 1077 274 SCENA
1118 237 1166 274 II.
1561 248 1612 291 57

150 366 227 404 ΤΕ.
269 361 421 422 Qid?
496 360 722 402 Sarsinatis
774 374 903 414 ecqua
957 367 1036 414 est,
1089 362 1125 400 si
1180 360 1382 400 Vmbram
1439 374 1526 401 non

257 435 414 475 habes?

143 511 207 549 81.
248 508 459 548 Molestus
491 522 544 548 ne
576 510 646 548 sis.
708 507 828 547 Haec
871 514 969 548 sunt
1001 508 1111 548 sicut
1142 506 1349 560 praedico.

147 585 226 622 ΤΚ.
269 583 477 622 Attamen
510 583 720 636 inspicere
752 582 854 621 volt.
955 583 1019 622 81.
1063 580 1284 635 Inspiciat‚
1315 582 1350 621 si
1394 580 1522 620 lubet.

82 654 124 696 Si
156 655 256 708 quid
288 657 384 709 erit,
415 656 524 708 quod
557 656 621 695 illi
653 656 832 710 placeat,
864 656 914 695 de
945 655 1137 709 exemplo
1169 668 1265 696 meo

84 727 178 782 Ipse
209 729 441 769 aedificato.
510 732 588 770 TR.
622 729 756 769 Eon'?
789 742 894 770 voco
924 729 1003 769 huc
1033 729 1286 769 hominem?
1351 732 1414 769 81.
1446 728 1524 784 [1,]

255 816 372 843 voca.
1555 803 1608 857 85

144 879 222 916 TR.
266 876 551 916 Alexandrum
624 889 823 930 magnum
887 883 1011 929 atque
1073 877 1350 930 Agathoclem
1409 879 1528 918 aiunt

255 964 473 992 maxumas

81 1024 179 1064 Duo
211 1039 274 1065 res
306 1027 506 1078 gessisse:
550 1026 651 1078 quid
684 1026 789 1065 mihi
822 1025 892 1065 fiet
924 1027 1069 1079 tertio,

80 1100 166 1157 Qi
198 1099 310 1139 solus
340 1099 451 1139 facio
481 1100 670 1139 facinora
702 1099 976 1139 inmortalia?

80 1171 208 1212 Vehit
239 1172 309 1212 hic
340 1173 536 1226 clitellas,
568 1173 686 1213 vehit
717 1173 784 1213 hic
817 1179 959 1212 autern
991 1173 1098 1213 alter
1129 1186 1271 1213 senex.

80 1246 312 1286 Novitium
344 1245 448 1285 mihi
479 1253 698 1298 quaestum
733 1246 903 1285 institui
937 1259 1023 1285 non
1056 1247 1240 1287 malum:
1552 1262 1607 1303 90

81 1319 200 1359 Nam
232 1319 443 1360 muliones
475 1319 611 1360 mulos
643 1320 890 1360 clitellarios

79 1394 283 1447 Habent3
325 1408 402 1448 ego
432 1395 564 1435 habeo
595 1395 790 1435 homines
820 1396 1081 1436 clitellarios.

80 1467 233 1521 Magni
268 1475 364 1508 sunt
396 1470 563 1521 oneris3
623 1469 824 1522 quidquid
858 1471 1057 1523 inponas,
1090 1472 1260 1511 vehunt.

78 1541 209 1581 Nunc
240 1542 350 1582 hunc
381 1542 487 1582 haud
519 1543 609 1583 scio
639 1556 691 1582 an
724 1544 962 1596 conloquar.
1023 1543 1296 1598 Congrediar.

77 1615 212 1668 Heus,
242 1615 552 1669 Theuropides!
648 1619 724 1656 ΤΗ.
758 1616 888 1670 Hem,
919 1618 1012 1669 quis
1044 1617 1112 1657 hic
1144 1619 1340 1658 nominat
1373 1621 1473 1660 me?
1551 1635 1575 1676 9
1579 1633 1605 1674 5

140 1693 179 1729 Τ
174 1701 218 1730 R.
261 1689 380 1730 Hero
411 1703 552 1730 servos
584 1691 763 1730 multum
795 1704 869 1730 suo
899 1691 1045 1730 fidelis.

125 1835 180 1865 80.
230 1832 313 1865 mihi
348 1832 470 1866 umbra
506 1845 644 1876 usquam
679 1840 728 1866 est
764 1833 876 1867 BCD.
1003 1841 1236 1867 MIHIL'MBRA
1257 1861 1263 1868 .
1284 1860 1291 1868 .
1312 1843 1521 1876 L'SQUAMST
1560 1838 1603 1880 A,

77 1878 226 1912 whence
256 1878 287 1911 R
314 1891 369 1911 nec
396 1880 443 1911 mi
472 1879 594 1912 umbra
623 1880 669 1913 ibi
697 1887 881 1923 usquamst,
900 1880 964 1913 but
994 1881 1043 1913 As
1072 1888 1319 1921 ESTL'SQUAM.
1481 1885 1546 1918 nisi
1574 1886 1605 1919 si

76 1924 258 1958 ABCDF.
353 1926 382 1958 si
401 1926 427 1958 is
445 1926 599 1959 omitted
617 1926 652 1959 in
674 1927 701 1959 Z
721 1926 824 1969 vulg.

123 1974 178 2026 ξι.
230 1972 548 2015 Q'IDARSINATIS
583 1974 625 2006 A.
814 1986 914 2017 ecqua
943 1981 991 2006 est
1024 1973 1098 2007 FZ.
1194 1987 1329 2018 ecquam
1355 1983 1405 2009 est
1434 1976 1474 2010 B.
1570 1986 1602 2012 et

74 2018 356 2109 ung'SDibredico
374 2065 437 2098 Bc.

123 2114 178 2152 85.
228 2113 250 2144 Ι
274 2124 371 2153 voca,
399 2122 439 2145 so
470 2112 605 2146 Acidal.
693 2112 775 2146 The
808 2112 912 2146 MSS.
943 2113 1033 2145 omit
1068 2114 1095 2154 I,
1126 2112 1243 2146 which
1273 2124 1354 2157 may
1386 2114 1474 2149 have
1505 2116 1599 2151 been

73 2158 392 2244 ςψὲξ10“·ῑῗιῗορέη
412 2158 474 2191 the
492 2159 558 2192 last
577 2159 686 2192 letter
703 2159 745 2192 of
759 2161 823 2201 Sl„
842 2160 903 2193 the
922 2170 1027 2193 name
1046 2159 1088 2193 of
1101 2159 1163 2193 the
1181 2160 1343 2203 speaker.

122 2253 177 2284 88.
216 2251 312 2294 satio
331 2251 393 2300 Ba.
536 2253 746 2295 inmortalia,
765 2263 804 2286 so
824 2253 903 2286 BD.

122 2326 176 2364 89.
228 2296 476 2357 Vehitkcllitellas
495 2324 561 2358 Bb.
635 2325 687 2358 Ba
704 2325 774 2358 and
792 2325 854 2358 the
874 2330 946 2359 rest
963 2325 1005 2359 of
1018 2325 1081 2359 the
1101 2325 1206 2359 MSS.
1225 2327 1316 2360 omit
1335 2328 1396 2362 hic.

121 2381 176 2411 90.
225 2371 393 2404 novicium
413 2370 454 2403 C.
576 2378 723 2415 questum
742 2371 797 2404 all.

122 2427 177 2457 92.
227 2416 327 2450 habeo
354 2417 509 2458 homines,
538 2428 578 2450 so
606 2417 668 2450 the
698 2418 814 2458 MSS„
844 2418 1026 2460 including
1061 2419 1104 2452 A.
1178 2420 1324 2453 homines
1352 2421 1454 2456 habeo
1473 2423 1597 2468 Pylad.

72 2463 216 2495 homines
234 2461 349 2506 (acc.)
367 2463 422 2496 all.

120 2520 175 2550 93.
225 2509 352 2542 honeris
371 2509 445 2542 BA.

118 2567 174 2596 94.
224 2556 358 2588 hausci0
376 2555 411 2588 in
430 2555 473 2588 B.
563 2556 719 2589 haudscio
738 2557 772 2589 in
792 2557 834 2589 A.
979 2557 1158 2601 conloquar
1175 2557 1250 2592 AB.

122 2613 247 2643 94,95.
298 2601 421 2635 These
454 2605 528 2634 two
559 2602 647 2635 lines
681 2612 742 2635 are
774 2602 972 2636 somewhat
1007 2604 1180 2638 confused
1217 2605 1251 2638 in
1287 2605 1401 2647 BCD,
1436 2607 1500 2641 but
1535 2620 1595 2644 are

73 2647 257 2692 distinctly
274 2648 401 2690 legible
420 2648 455 2681 in
474 2649 516 2689 A,
535 2659 572 2681 as
589 2649 692 2691 given
712 2649 746 2681 in
765 2648 827 2682 the
845 2653 935 2683 text.
1089 2651 1311 2695 Congredibor
1330 2652 1427 2688 RW.
1523 2658 1593 2699 quis

73 2707 124 2727 me
141 2696 291 2728 nominat
310 2694 371 2728 W.
443 2696 512 2738 quis
530 2697 680 2728 nominat
697 2708 758 2736 me,
777 2696 946 2739 omitting
962 2697 1024 2739 hic,
1044 2697 1146 2740 Vulg.

122 2743 177 2782 96.
227 2753 343 2774 servos
375 2740 415 2773 B.
480 2753 601 2774 servus
625 2742 657 2774 A
679 2742 749 2775 and
777 2741 839 2775 the
866 2746 950 2776 rest.
1104 2744 1246 2777 multum
1273 2757 1329 2777 suo
1343 2746 1468 2789 fidelis,
1492 2757 1532 2779 so
1553 2747 1593 2781 B.

75 2786 200 2820 There
229 2788 256 2820 is
283 2798 302 2821 a
330 2797 435 2831 space
463 2787 498 2820 in
528 2788 596 2821 CD
625 2787 719 2822 after
743 2801 811 2830 suo,
840 2789 909 2822 and
924 2789 1038 2833 fidelis
1068 2790 1096 2823 is
1123 2791 1287 2824 omitted.
1386 2793 1414 2824 A
1444 2803 1593 2836 appears

70 2836 110 2867 to
127 2833 264 2867 have——

510 2880 907 2915 MULTIMODJSFILIUS
932 2890 1122 2923 υκυεεετ,

826 2983 838 3007 Ῑ
