1879 3248
516 244 693 282 ACTVS
737 244 809 281 ΙΙΙ.
897 244 1072 281 SCENA
1113 244 1162 280 II.
1561 242 1614 299 63

141 367 205 405 SI.
248 364 380 404 Aedis
409 365 518 405 dico.
636 368 714 405 TH.
749 365 859 420 Ergo
890 367 1004 406 intro
1037 379 1088 406 eo
1119 367 1279 419 ÷÷igitur
1311 367 1404 406 sine
1437 379 1529 419 per-

254 438 455 479 ductore?
574 441 638 479 SI.
670 437 705 493 Ι,
737 439 850 480 licet.

145 513 223 550 ΤΗ.
266 510 341 551 Ibo
385 512 502 552 intro
546 513 687 565 igitur.
790 516 870 553 TR.
914 513 1063 566 Mane,
1110 514 1193 552 sis:
1245 513 1430 566 videam,
1478 526 1531 552 ne

255 586 374 624 canis
392 615 401 624 .
426 616 433 624 .
458 615 466 624 .
491 615 500 624 .
596 588 636 625 Τ
630 596 674 626 Η.
707 586 915 640 Agedum,
944 587 1056 626 vide.

144 660 222 698 TR.
265 657 353 698 Est.
417 659 515 699 Abi.
577 659 711 700 Canis
744 665 822 699 est.
885 660 969 699 Abi
1003 660 1213 700 dierecta!
1265 658 1333 700 St!
1396 643 1525 699 Abin’

255 731 370 784 hinc,
402 732 448 771 in
481 732 635 772 malam
667 734 865 774 crucem?

83 806 141 846 At
171 807 302 846 etiam
332 807 492 847 restas?
551 807 620 848 St!
669 808 737 847 abi
771 808 925 848 istinc!
1008 810 1071 847 SI.
1105 807 1231 847 Nihil
1263 807 1409 860 pericli
1444 813 1522 846 est.

255 880 360 933 Age.

81 953 194 993 Tam
226 953 391 1007 placida
422 960 500 1008 est,
531 968 655 1007 quam
688 962 751 994 est
783 968 902 1007 aqua,
935 955 1050 994 vise:
1099 955 1158 993 ire
1191 956 1306 993 intro
1337 955 1535 994 audacter

257 1028 369 1067 licet.
1539 1030 1613 1082 165

83 1099 146 1141 Eo
178 1113 256 1154 ego
291 1101 391 1141 hinc
421 1100 472 1140 ad
515 1101 663 1140 forum.
770 1104 848 1140 ΤΗ.
891 1101 1048 1141 Fecisti
1091 1102 1325 1141 commode.
1411 1102 1525 1142 Bene

254 1174 494 1213 ambula.—

81 1248 260 1301 Tranio,
290 1261 382 1302 age,
414 1261 561 1288 canem
594 1250 721 1289 istam
753 1262 777 1289 a
807 1249 965 1289 foribus
987 1249 1182 1303 [aliquis]
1207 1249 1386 1289 abducat
1418 1249 1525 1302 face,

83 1321 175 1361 Etsi
217 1334 302 1360 non
334 1321 562 1361 metuenda
594 1332 670 1362 est.
794 1325 871 1362 TR.
913 1323 1029 1380 Qin
1063 1329 1106 1362 tu
1142 1323 1259 1362 illam
1292 1324 1448 1376 aspice,
1480 1330 1525 1362 ut

257 1394 418 1447 placide
450 1395 650 1435 accubat!

83 1468 187 1508 Nisi
220 1469 445 1508 molestum
472 1470 536 1508 vis
568 1469 703 1508 videri
737 1476 779 1507 te
810 1476 932 1521 atque
967 1471 1224 1522 ignavom..
1245 1499 1253 1507 .
1274 1499 1282 1508 .
1303 1472 1381 1509 ΤΗ.
1417 1469 1522 1523 lam,

255 1548 300 1582 ut
332 1543 458 1582 lubet.

147 1618 225 1656 TR.
265 1615 442 1668 Sequere
464 1615 540 1655 hac
563 1628 630 1655 me
652 1617 793 1668 igitur.
880 1618 958 1655 TH.
983 1615 1190 1668 Equidem
1212 1615 1322 1655 haud
1344 1628 1519 1668 usquam

253 1701 278 1728 a
308 1689 481 1742 pedibus
511 1688 733 1742 apscedam
763 1690 860 1729 tuis.
1531 1701 1609 1742 170

136 1853 211 1885 162.
260 1852 367 1895 igitur
397 1859 446 1884 est
480 1850 593 1892 BCD,
619 1850 685 1883 but
710 1850 765 1884 Bb
800 1850 862 1883 has
895 1858 953 1884 est.
1110 1851 1214 1883 Mane
1246 1851 1291 1882 sis
1326 1858 1362 1884 ut
1395 1851 1532 1885 videam
1568 1852 1610 1885 C.

84 1899 163 1932 vide
183 1898 223 1931 Z.
291 1898 374 1931 The
393 1897 496 1931 MSS.
515 1898 604 1931 have
623 1898 715 1931 unde.

137 1946 212 1986 163,
262 1946 326 1978 Est
358 1945 415 1977 abi
448 1946 538 1978 canis
571 1952 619 1977 est
651 1944 708 1977 abi
739 1943 906 1985 BaCDF,
935 1943 999 1977 but
1033 1943 1210 1987 variously
1237 1943 1380 1977 divided
1410 1954 1447 1977 as
1474 1948 1514 1977 to
1546 1944 1609 1978 the

83 1991 263 2034 speakers.
336 1992 401 2025 Est
419 1992 473 2024 ubi
491 1991 556 2024 Bb.
608 1991 749 2032 Hence,
768 1990 842 2023 TR.
862 1991 937 2023 Est.
1011 1989 1089 2023 ΤΗ.
1110 1990 1170 2023 Vbi
1195 1991 1287 2023 canis
1310 1992 1388 2023 est?
1446 1990 1520 2024 TR.
1542 1991 1610 2024 Abi

87 2039 229 2072 Camer.
248 2037 352 2080 Vulg.
418 2038 493 2070 TR.
512 2039 587 2070 Est.
655 2037 733 2070 TH.
755 2038 814 2070 Vbi
829 2038 903 2070 est?
952 2036 1027 2069 TR.
1049 2037 1116 2069 Abi
1136 2036 1232 2070 RW.
1329 2072 1341 2085 c
1368 2038 1511 2071 diet-ecta
1530 2063 1538 2070 .
1556 2039 1612 2071 st!

84 2085 163 2118 abin
183 2085 341 2126 Gruter„
369 2084 437 2117 and
464 2095 503 2117 so
523 2084 625 2126 Vulg.
706 2085 850 2117 dierecta
873 2091 922 2116 est
947 2083 1026 2116 abin
1051 2083 1112 2116 Ba.
1202 2083 1345 2117 dierecta
1370 2091 1418 2117 est
1439 2084 1518 2117 abin
1543 2084 1610 2117 Bb.

84 2143 222 2176 dierecte
238 2149 287 2175 est
303 2141 382 2175 abin
402 2142 482 2175 CD.
557 2143 631 2175 hinc
649 2141 786 2175 diet-ecte
801 2141 879 2174 abin
901 2140 944 2173 R.
1017 2141 1161 2175 diei-ecta
1178 2141 1257 2175 abin
1277 2141 1337 2174 W.
1480 2144 1514 2175 in
1534 2142 1610 2176 BZ.

87 2188 170 2222 The
187 2188 287 2222 word
306 2189 334 2221 is
351 2188 505 2221 omitted
524 2188 557 2220 in
579 2188 693 2222 CDF.

138 2237 212 2276 164.
264 2241 372 2268 restas
389 2235 447 2268 abi
462 2235 560 2268 istinc
579 2234 633 2267 Bb
653 2235 797 2268 Camer.
874 2241 982 2268 restat
998 2242 1046 2268 est
1063 2234 1204 2268 abistinc
1223 2234 1285 2268 Ba.
1365 2242 1473 2269 restas
1490 2241 1538 2268 est
1555 2236 1612 2269 abi

85 2283 184 2315 istinc
207 2281 288 2315 CD.
361 2289 469 2315 restas
483 2283 498 2314 :2
521 2283 576 2315 st!
601 2282 657 2315 abi
677 2283 774 2315 istinc
798 2281 946 2315 Gruter.
969 2281 1031 2323 W,
1053 2281 1123 2315 and
1150 2281 1221 2314 this
1246 2292 1301 2315 we
1323 2281 1411 2315 have
1440 2281 1610 2325 adopted.

86 2341 149 2373 age
165 2329 258 2361 modo
278 2327 321 2370 R,
340 2328 493 2361 without
511 2339 581 2371 any
598 2328 794 2372 authority.

139 2392 215 2432 165.
263 2403 362 2434 quam
382 2398 430 2423 est
455 2403 568 2434 aqua:
601 2393 694 2424 vise:
718 2392 777 2433 ire,
800 2401 840 2423 so
863 2391 1005 2424 Camer.
1081 2390 1165 2424 The
1193 2394 1275 2424 true
1299 2390 1447 2433 reading
1475 2391 1502 2424 is
1525 2401 1611 2435 very

87 2452 264 2486 doubtful.
338 2465 437 2496 quam
457 2478 464 2486 .
484 2478 491 2486 .
509 2466 532 2486 a
549 2466 615 2497 qua
635 2479 642 2486 .
657 2456 713 2487 vis
734 2479 741 2486 .
759 2455 818 2495 ire,
837 2452 923 2486 with
945 2463 1107 2486 erasures
1126 2453 1188 2486 Ba.
1251 2442 1288 2497 qu³
1311 2456 1329 2482 ὅ
1349 2466 1438 2497 aqua
1461 2455 1536 2487 vise
1563 2455 1612 2487 ire

89 2499 154 2532 Bb.
238 2511 338 2542 quam
349 2499 430 2540 fita
449 2512 514 2543 qua
535 2501 591 2533 vis
613 2501 679 2532 cire
701 2500 743 2532 C.
832 2511 932 2542 quam
943 2499 1025 2540 fita
1045 2500 1237 2542 quaviscire
1259 2500 1306 2532 D.
1395 2513 1496 2543 quam
1509 2501 1612 2542 fi’ta:

88 2558 153 2590 qua
178 2547 234 2579 vis
260 2547 309 2578 ire
336 2545 376 2578 F.
465 2558 565 2588 quam
581 2546 680 2588 foeta
705 2558 770 2588 qua
796 2546 907 2578 visere
933 2545 974 2577 Z.
1064 2557 1164 2588 quam
1186 2545 1356 2589 placidast
1381 2558 1491 2589 aqua:
1515 2548 1611 2579 vise:

88 2595 137 2626 ire
156 2592 200 2625 R.
273 2604 372 2635 quam
378 2593 480 2634 fheta
493 2605 503 2624 .·
526 2593 648 2635 quavis
667 2592 716 2624 ire
730 2591 792 2624 W.

140 2640 216 2672 166.
266 2639 316 2671 Eo
332 2650 389 2681 ego
407 2639 480 2670 hinc
497 2639 545 2671 ad
561 2637 602 2671 B.
695 2638 744 2670 Ec
761 2649 818 2681 ego
836 2638 911 2670 hinc
928 2637 976 2670 ad
992 2635 1072 2678 CD,
1091 2647 1135 2669 an
1154 2637 1299 2670 evident
1316 2638 1393 2680 slip.
1487 2639 1561 2682 Ego
1577 2652 1611 2672 eo

88 2687 162 2719 hinc
183 2685 227 2718 R.
302 2685 332 2717 A
351 2685 378 2716 is
395 2684 469 2717 said
486 2687 526 2717 to
543 2684 631 2717 have
651 2683 797 2717 EGOAD.

141 2733 217 2771 167.
254 2730 392 2774 foribus
433 2730 578 2764 abducat
607 2732 692 2773 face
733 2729 917 2764 BCDFZ.
980 2730 1118 2772 foribus
1159 2729 1305 2763 abducas
1336 2729 1420 2771 face
1463 2730 1610 2764 Camer.

77 2778 216 2822 foribus
233 2778 353 2821 aliquis
370 2777 516 2810 abducat
523 2777 608 2819 face
627 2777 670 2810 R.
733 2777 870 2819 foribus
891 2775 1008 2821 [intus]
1028 2776 1174 2810 abducat
1180 2776 1264 2818 sace
1281 2775 1342 2810 W.

141 2835 217 2865 170.
265 2837 288 2857 a
299 2824 434 2868 pedibus
454 2823 494 2857 B.
567 2823 610 2856 ab
627 2823 736 2856 edibus
756 2823 904 2857 CDFZ.
1047 2823 1222 2866 apscedam
1241 2822 1281 2855 B.
