1879 3248
207 224 262 264 60
645 224 847 264 PLAVTI
886 222 1294 265 MOSTELLARIA.

209 347 319 388 Noli
351 346 490 388 facere
522 348 805 402 mentionem,
833 352 878 388 te
913 347 1027 403 [has]
1058 348 1226 387 emisse.
1306 348 1386 387 ΤΗ.
1424 345 1648 400 Intellego,

209 420 264 461 Et
284 421 393 462 bene
415 422 627 461 monitum
649 420 755 461 duco
775 427 902 474 atque
922 428 967 461 te
989 422 1202 461 existumo
1223 420 1408 460 humano
1429 420 1618 473 ingenio.
1654 429 1735 474 125

208 493 324 551 Qid
353 495 496 535 nunc?
558 496 622 534 81.
655 495 775 552 Qin
796 500 843 534 tu
869 495 905 534 is
931 494 1075 535 intro?
1106 499 1229 547 atque
1255 494 1393 534 otiose
1414 499 1647 548 perspecta,

381 577 427 606 ut
459 567 587 606 lubet.

270 642 348 680 ΤΗ.
390 639 503 679 Bene
535 640 804 692 benigneque
839 639 1018 680 arbitror
1047 646 1091 680 te
1122 639 1274 680 facere.
1365 641 1430 680 81.
1472 639 1648 680 Factum

382 712 529 766 edepol
560 713 669 752 volo.

207 785 307 825 Vin'
347 786 420 839 qui
466 785 717 839 perductet?
840 788 920 826 TH.
977 786 1122 840 Apage
1168 785 1296 826 istum
1342 785 1648 839 perductorem.

382 858 489 899 Non
519 859 671 913 placet.

265 934 329 973 81.
360 932 508 984 Quid?
546 933 686 989 [quid]
719 934 817 974 est?
917 935 996 974 ΤΗ.
1035 932 1192 972 Errabo
1220 932 1378 987 potius,
1402 944 1528 986 quam
1557 945 1648 986 per-

380 1006 526 1047 ductet
556 1007 782 1061 quispiam.

270 1083 350 1121 TR.
384 1080 553 1135 Viden'‚
579 1081 839 1121 vestibulum
870 1087 970 1121 ante
1001 1081 1117 1121 aedis
1150 1081 1245 1135 hoc,
1271 1086 1314 1120 et
1345 1079 1647 1134 ambulacrum,

378 1155 648 1208 quoiusmodi
667 1156 682 1197 ?
1654 1169 1670 1196 1
1679 1169 1734 1211 30

270 1230 348 1270 TH.
396 1228 678 1269 Luculentum
721 1228 869 1283 edepol
915 1229 1127 1283 profecto!
1223 1232 1303 1270 TR.
1350 1230 1442 1284 Age
1488 1235 1647 1284 specta,

379 1308 521 1356 postes
551 1303 835 1357 quoiusmodi‚

207 1374 380 1430 Qnta
409 1375 610 1416 firmitate
641 1375 762 1429 facti,
793 1383 836 1416 et
866 1382 1025 1429 quanta
1054 1377 1359 1418 crassitudine!

268 1451 346 1490 TH.
381 1448 488 1488 Non
512 1448 661 1489 videor
686 1449 846 1490 vidisse
875 1452 1009 1504 postis
1037 1451 1277 1504 pulcriores.
1339 1452 1402 1492 81.
1435 1450 1510 1491 Pol
1540 1450 1645 1490 mihi

207 1523 269 1564 Eo
305 1524 444 1578 pretio
479 1524 615 1578 empti
651 1523 818 1564 fuerant
855 1524 975 1564 olim.
1070 1527 1149 1565 TR.
1193 1525 1351 1565 Audin'
1391 1525 1647 1566 “Fuerant’'

380 1596 522 1637 dicere
539 1598 554 1637 ?

206 1671 292 1711 Vix
341 1671 508 1711 videtur
557 1673 780 1712 continere
831 1672 1049 1714 lacrumas.
1175 1675 1254 1712 TH.
1306 1671 1471 1728 Qanti
1522 1672 1648 1712 hosce

380 1745 574 1786 emeras?
1039 1763 1048 1772 =
1653 1759 1732 1801 135

264 1820 327 1858 81.
359 1818 462 1858 Tris
493 1820 633 1858 minas
664 1832 738 1872 pro
770 1820 867 1859 istis
899 1819 1058 1859 duobus
1091 1825 1255 1874 praeter
1283 1830 1502 1860 vecturam
1534 1818 1647 1859 dedi.

258 1993 334 2023 124·
383 1989 414 2015 te
457 1981 549 2026 [has]
591 1985 707 2017 emisse
748 1984 881 2027 Guyet.
962 1984 1046 2018 The
1089 1984 1194 2019 MSS.
1237 1985 1328 2018 omit
1368 1986 1442 2019 has.
1526 1985 1558 2019 R
1601 1986 1663 2020 has
1704 1994 1735 2020 te

205 2031 321 2062 emisse
345 2029 418 2062 has.
537 2051 558 2069 fe
888 2055 901 2069 0

257 2087 334 2116 125.
382 2083 480 2119 atque
512 2088 546 2109 se
570 2077 733 2109 existumo
759 2077 899 2110 humani
922 2078 1051 2121 ingenio
1074 2077 1116 2119 B,
1136 2078 1198 2111 the
1224 2079 1448 2112 corrections
1471 2079 1579 2121 being
1610 2079 1644 2112 in
1669 2079 1733 2113 the

206 2122 355 2164 original
378 2121 483 2155 hand.
555 2130 654 2166 atque
677 2135 711 2155 se
734 2125 895 2156 existumo
918 2124 1058 2156 humani
1081 2126 1209 2168 ingenio
1234 2125 1315 2158 CI).
1386 2132 1419 2158 et
1444 2132 1475 2158 te
1497 2138 1565 2158 esse
1588 2126 1734 2160 humano

205 2169 334 2212 ingenio
349 2170 511 2201 existumo
531 2168 575 2202 R.
647 2176 745 2211 atque
760 2182 828 2202 esse
842 2171 1004 2202 existumo
1020 2171 1160 2204 humani
1175 2172 1285 2214 ingeni
1302 2171 1365 2204 W.

258 2226 270 2247 1
281 2216 334 2247 26.
382 2216 410 2247 is
427 2216 516 2248 intro
532 2222 629 2259 atquc
646 2217 742 2248 otiose
751 2223 925 2260 perspecta
943 2223 989 2258 ut,
1007 2227 1047 2250 so
1064 2216 1126 2250 the
1145 2217 1185 2250 M
1191 2218 1250 2251 SS.
1320 2219 1332 2250 i
1348 2219 1437 2251 intro
1455 2220 1551 2251 otiose
1560 2225 1734 2264 perspecta

205 2261 296 2294 aedis
315 2268 351 2293 ut
370 2260 414 2294 R.

257 2318 269 2340 1
280 2318 295 2340 2
304 2318 334 2347 7.
383 2307 585 2351 bent'gneque,
603 2318 643 2341 so
662 2308 806 2341 Camer.
876 2308 1007 2352 benique
1020 2309 1142 2343 BaCD
1149 2310 1189 2343 F.
1259 2310 1391 2354 denique
1405 2310 1471 2344 Bb.
1543 2311 1676 2356 bonique
1690 2311 1733 2346 Z.

258 2357 334 2394 128,
358 2365 434 2395 129.
485 2354 606 2388 These
633 2355 720 2387 lines
747 2365 807 2388 are
833 2355 1031 2389 bracketed
1056 2356 1102 2400 by
1127 2357 1189 2398 W,
1216 2357 1285 2390 and
1311 2357 1465 2390 omitted
1490 2358 1537 2401 by
1566 2358 1609 2400 R,
1635 2359 1733 2392 since

205 2399 292 2443 they
309 2410 421 2433 occur
438 2401 552 2442 again,
570 2401 655 2434 with
674 2411 775 2434 some
801 2401 966 2444 changes,
985 2402 1079 2436 after
1096 2414 1127 2436 v.
1151 2406 1227 2437 161.
1304 2404 1344 2437 In
1371 2415 1402 2437 ν.
1427 2416 1489 2446 ¹29
1510 2405 1653 2439 Camer.
1671 2405 1733 2439 has

207 2447 306 2491 Quid,
324 2447 403 2490 quid
417 2450 491 2479 est!
531 2447 596 2480 but
613 2447 675 2480 the
694 2448 828 2481 second
846 2449 926 2492 quid
943 2449 969 2481 is
987 2454 1050 2482 not
1069 2449 1103 2482 in
1122 2450 1184 2483 the
1202 2450 1308 2484 MSS.

257 2505 333 2534 130.
385 2494 483 2526 Viden
508 2494 709 2527 vestibulum
735 2502 814 2527 ante
836 2496 926 2528 aedis
953 2496 1021 2537 hoc,
1052 2507 1091 2529 so
1116 2496 1178 2530 the
1206 2497 1323 2539 MSS„
1350 2502 1480 2540 except
1507 2497 1586 2531 that
1615 2498 1643 2531 B
1670 2498 1733 2531 has

201 2540 307 2572 aedes.
398 2540 497 2573 Viden
537 2541 594 2573 hoc
635 2548 713 2574 ante
751 2542 842 2574 aedis
884 2542 1084 2576 vestibulum
1132 2543 1175 2576 R.
1333 2544 1566 2577 ambulacrum
1609 2544 1730 2578 BbFZ

203 2586 415 2630 amplacrum
435 2586 570 2620 BaCD.

256 2643 332 2673 131.
382 2633 560 2666 cuiusmodi
577 2633 638 2667 the
658 2633 766 2667 MSS.

256 2689 332 2719 13²·
382 2679 519 2722 Quanta
539 2680 688 2713 CDFZ.
761 2681 873 2725 Quam
892 2680 954 2715 Ba.
1029 2683 1106 2726 Qua
1126 2682 1192 2716 Bb.
1266 2684 1342 2728 Qua
1359 2684 1426 2717 sint
1447 2683 1591 2718 Camer.
1604 2683 1667 2717 W.

257 2735 333 2766 133.
375 2725 581 2768 pulchriores
599 2726 661 2759 the
681 2726 786 2759 MSS.
1706 2756 1722 2770 n

258 2782 333 2812 134.
376 2773 487 2815 precio
506 2772 547 2804 C.
693 2773 806 2806 Audin
820 2773 968 2816 fuerant
997 2774 1036 2808 F.
1111 2776 1336 2819 Autetffuerat
1359 2776 1421 2810 Ba.
1498 2777 1731 2820 Audenfuerat

204 2817 272 2850 Bb.
348 2818 583 2860 Autinfuerat
603 2819 649 2851 D.
721 2827 781 2852 aut
799 2821 948 2862 insuerat
968 2821 1010 2854 C.

255 2866 331 2904 136.
381 2865 443 2897 tris
473 2865 528 2897 all.
672 2866 791 2899 dnobus
825 2867 866 2900 Z.
938 2867 1047 2901 diebus
1079 2868 1139 2902 the
1171 2869 1287 2911 MSS„
1317 2881 1359 2903 an
1389 2870 1533 2904 evident
1563 2870 1727 2904 blunder.

199 2917 312 2953 preter
331 2910 404 2943 BC.
