1879 3248
525 260 702 300 ACTVS
741 261 771 299 Ι.
850 261 1026 300 SCENA
1065 262 1133 300 IV.
1536 272 1587 314 25

123 388 207 427 DE.
247 385 418 438 Semper
451 386 560 425 istoc
592 384 716 425 modo
747 391 950 439 moratus,
981 386 1086 435 vita,
1117 384 1300 424 debebas

126 462 207 501 CA.
248 459 382 499 Visne
412 472 490 513 ego
519 465 563 499 te
595 472 644 499 ac
674 465 721 498 tu
752 472 820 499 me
851 459 1138 513 amplectere?

123 535 208 573 DE.
249 532 292 574 Si
323 533 407 573 tibi
439 532 555 572 cordi
587 539 652 572 est
682 532 835 587 facere,
867 533 982 573 licet.
1075 535 1156 573 CA.
1199 531 1360 586 Lepida
1389 544 1448 571 es.
1538 544 1588 572 10

65 606 185 646 Duce
216 619 300 660 me,
331 607 494 646 amabo.
581 609 668 646 DE.
709 605 829 647 Cave
861 620 915 646 ne
946 607 1082 647 cadas.
1144 607 1264 645 Asta.

125 683 206 722 CA.
242 680 336 721 Oh!
377 680 456 722 oh!
498 680 656 721 ocellus
688 693 732 720 es
763 693 911 734 meus3
952 691 1046 721 tuus
1082 693 1174 720 sum
1205 680 1414 733 alumnus,
1446 679 1529 718 mel

239 768 394 797 meum.

122 832 206 871 DE.
248 828 368 870 Cave
399 829 539 882 modo,
573 842 626 868 ne
658 830 773 883 prius
803 830 851 869 in
882 830 952 868 via
982 828 1221 882 accumbaS,

64 903 204 959 Qam
235 903 319 957 illi,
350 904 422 943 ubi
454 903 587 943 lectus
619 909 683 942 est
713 909 886 956 stratus,
918 904 1095 943 coimus.

125 980 205 1018 CA.
237 977 338 1018 Sine
369 978 463 1018 sine
494 976 641 1016 cadere
670 989 750 1015 me.
831 979 915 1016 DE.
946 976 1062 1017 Sino.
1145 978 1225 1016 CA.
1256 975 1335 1015 Sed
1365 982 1407 1015 et
1436 975 1529 1028 hoc,

234 1050 343 1103 quod
375 1051 482 1090 mihi
515 1051 561 1090 in
593 1064 720 1090 manu
753 1057 828 1090 est.
1535 1060 1585 1103 15

120 1127 205 1164 DE.
245 1123 288 1164 Si
321 1123 459 1178 cades,
490 1137 578 1163 non
609 1124 747 1177 cades,
778 1125 884 1177 quin
917 1124 1063 1164 cadam
1095 1131 1249 1164 tecum.

64 1197 251 1238 Iacentis
281 1197 405 1237 tollet
436 1204 583 1251 postea
614 1211 692 1237 nos
723 1199 870 1237 ambos
900 1198 1066 1250 aliquis.

60 1271 211 1312 Madet
241 1272 381 1311 homo.
502 1274 582 1313 CA.
614 1271 728 1311 Tun'
760 1285 828 1312 me
858 1274 923 1312 ais
954 1272 1338 1312 ma-ma-madere?

108 1419 140 1450 8.
190 1417 237 1450 So
264 1417 327 1450 the
354 1416 472 1460 MSS„
501 1422 632 1461 except
658 1418 738 1452 that
765 1418 851 1462 they
882 1417 970 1451 have
1000 1418 1083 1459 vite,
1112 1417 1261 1450 whence
1292 1418 1414 1450 vivere
1447 1415 1583 1449 debebas

59 1463 202 1498 Camer.
222 1464 327 1506 Vulg.
347 1464 409 1498 W.
484 1464 515 1497 R
534 1465 645 1498 has—-

451 1529 601 1572 Semper
626 1529 716 1563 istoc
741 1529 851 1562 modo
879 1528 988 1574 [tute]
1016 1529 1188 1562 moratu's

449 1587 471 1606 ae
521 1588 543 1607 ἤ
591 1587 612 1605 x-
662 1589 684 1607 x-
732 1576 814 1617 vita‚
842 1575 1011 1609 debebas.

107 1650 140 1680 9.
189 1639 236 1672 So
253 1638 315 1672 the
334 1639 441 1673 MSS.
490 1639 634 1673 Camer.
652 1639 713 1672 has
731 1646 799 1673 tute
816 1638 957 1673 instead
974 1638 1016 1672 of
1029 1646 1065 1672 tu
1118 1637 1326 1682 amplectare
1344 1635 1468 1680 Pylad.
1517 1641 1586 1669 tute

58 1698 110 1719 me
125 1685 319 1730 amplexare
336 1686 438 1728 Vulg.
490 1685 521 1718 R
540 1686 651 1719 has—-

433 1748 542 1782 Visne
567 1758 635 1791 ego
660 1752 698 1782 te
723 1759 765 1782 ac
791 1753 830 1782 tu
856 1748 940 1782 med
965 1748 1197 1792 amplectare.

110 1822 164 1845 10.
211 1811 301 1844 cordi
319 1810 362 1844 Z.
433 1811 528 1844 corde
544 1811 606 1844 the
625 1811 730 1844 MSS.
791 1811 913 1853 facere
928 1812 1020 1844 cordi
1034 1818 1084 1844 est
1102 1811 1233 1844 Herm.
1253 1809 1297 1843 R.

110 1869 164 1891 11.
211 1858 305 1890 Duce
320 1857 382 1891 the
401 1857 506 1891 MSS.
580 1858 608 1890 B
635 1858 697 1891 has
722 1868 769 1890 no
795 1858 902 1891 blank
928 1862 964 1891 at
986 1858 1048 1891 the
1066 1857 1259 1900 beginning
1280 1867 1317 1889 as
1337 1855 1368 1888 R
1387 1855 1495 1897 gives
1512 1853 1578 1887 but

41 1941 44 1944 ,
61 1904 154 1937 Duce
165 1903 339 1947 probably
353 1903 446 1937 after
457 1915 501 1937 an
516 1914 660 1938 erasure
678 1903 720 1937 of
734 1905 830 1938 DEI..
846 1904 1005 1938 inserted
1022 1904 1069 1948 by
1088 1903 1251 1937 mistake.
1300 1904 1376 1936 Duc
1392 1902 1521 1935 Herm.
1536 1900 1582 1934 R.

109 1962 164 1984 12.
212 1950 303 1983 This
328 1960 476 1993 appears
501 1950 582 1984 thus
610 1951 643 1983 in
670 1950 698 1983 B
714 1953 819 1984 :—D
822 1951 859 1983 bo
886 1977 894 1985 .
920 1951 1046 1992 ocellus,
1065 1955 1148 1992 etc„
1169 1950 1230 1983 the
1255 1950 1362 1982 letter
1379 1950 1416 1982 D
1433 1948 1578 1981 written

39 2007 106 2034 ¹on
131 2007 175 2030 an
201 2006 355 2038 erasure,
374 1997 435 2030 the
461 1997 596 2031 second
621 1997 731 2030 letter
748 1997 895 2039 erased3
921 1997 1015 2031 after
1032 1999 1079 2031 D.
1082 1997 1120 2029 bo
1143 2007 1187 2030 an
1210 2006 1356 2030 erasure
1377 1995 1463 2028 with
1488 1993 1579 2026 faint

57 2047 176 2076 traces
205 2042 247 2076 of
269 2053 314 2076 an
340 2022 356 2075 Ι
379 2053 421 2076 or
446 2044 480 2078 h.
530 2044 624 2076 Two
653 2044 734 2077 dots
760 2044 875 2077 under
900 2044 962 2077 the
989 2043 1125 2077 second
1152 2056 1172 2076 u
1199 2043 1234 2076 in
1261 2055 1369 2083 suum,
1395 2052 1446 2082 so,
1471 2053 1582 2074 suum.

58 2089 135 2123 Oh!
158 2090 221 2122 oh!
245 2089 360 2123 ocellus
380 2089 407 2122 F
413 2090 455 2124 Z
528 2091 558 2124 O
574 2091 614 2123 ho
631 2082 764 2124 hocelles
783 2091 825 2125 C.
898 2090 1126 2124 Ohohocelleus
1147 2090 1194 2124 D.
1342 2088 1392 2121 W
1410 2087 1579 2121 brackets

58 2136 126 2169 mel
139 2149 258 2170 meum.

108 2193 162 2224 13.
211 2182 239 2215 B
258 2182 320 2216 has
337 2193 358 2216 a
374 2182 439 2216 red
455 2183 526 2216 line
544 2193 631 2217 over
647 2183 709 2217 the
727 2196 747 2216 u
765 2183 800 2216 in
818 2183 971 2217 accabas.

108 2251 161 2281 14.
208 2239 259 2274 illi
276 2240 357 2274 CD.
428 2235 492 2273 illi‘
506 2240 546 2274 B.
595 2241 679 2274 The
700 2254 716 2273 c
738 2241 856 2274 added
876 2241 923 2284 by
948 2241 1023 2274 first
1044 2240 1152 2274 hand.
1223 2240 1292 2273 illic
1313 2239 1374 2272 FZ
1395 2238 1499 2281 Vulg.
1514 2239 1577 2273 W.

39 2287 156 2320 -lectus
172 2293 242 2329 est,·
265 2287 327 2320 the
346 2286 450 2320 MSS.
468 2286 557 2320 have
573 2287 672 2321 lectus
688 2300 732 2329 es,
751 2288 867 2321 unless
887 2288 988 2321 there
1006 2288 1034 2320 is
1051 2298 1070 2320 a
1088 2287 1251 2330 misprint
1270 2287 1305 2319 in
1327 2286 1370 2328 R,
1389 2285 1471 2319 who
1489 2285 1577 2318 does

58 2338 123 2367 not
147 2334 267 2366 notice
291 2333 353 2366 the
378 2333 565 2368 variation.
707 2341 836 2368 stratus
862 2336 982 2368 coimus
1008 2334 1082 2368 BC.
1155 2341 1279 2367 cotmus
1306 2333 1377 2367 Da.
1447 2339 1578 2366 stratus

58 2392 115 2413 nos
131 2380 251 2412 coimus
271 2379 400 2412 Herm.
418 2390 465 2413 on
483 2380 578 2424 conj.
653 2380 684 2413 R
703 2381 817 2424 prints
832 2388 963 2414 stratus
983 2380 1070 2425 [nos]
1089 2382 1223 2414 coimus.

110 2437 163 2468 15.
211 2426 286 2459 Sine
309 2427 388 2467 sine,
415 2436 456 2459 so
480 2426 542 2460 the
567 2427 672 2461 MSS.
746 2427 795 2459 W
821 2428 929 2461 omits
953 2427 1015 2460 the
1041 2427 1176 2461 second
1200 2428 1280 2460 sine.
1423 2427 1499 2460 Sino
1523 2425 1581 2458 sed

58 2478 91 2505 et
103 2473 175 2539 goe,
197 2482 237 2505 so
255 2472 399 2506 Camer.
471 2472 500 2505 B
519 2472 580 2506 has
596 2475 677 2516 sirm,
695 2473 782 2507 then
809 2484 830 2507 a
854 2474 962 2507 letter
979 2473 1172 2518 (probably
1189 2473 1225 2518 s)
1244 2472 1472 2515 obliterated,
1490 2472 1576 2506 then

57 2551 106 2578 set
131 2569 140 2579 .
212 2545 305 2579 Sinos
322 2545 354 2589 ᾇ·
371 2545 428 2578 hoc
446 2546 488 2579 C.
560 2547 629 2580 Sin.
646 2548 698 2591 sd}-
714 2548 773 2580 hoc
790 2547 838 2581 D.
914 2547 945 2579 R
964 2547 1074 2581 has—

155 2607 242 2642 Call.
267 2608 349 2641 Sine
366 2608 440 2641 sine
459 2609 588 2643 cadere
606 2621 676 2644 me.
748 2610 826 2645 Del.
853 2611 948 2645 Sino.
1022 2610 1106 2644 Call.
1135 2612 1194 2644 Set
1217 2609 1278 2656 [ne
1300 2609 1393 2655 sine]
1414 2610 1483 2644 hoc

293 2654 390 2697 quod
407 2655 455 2688 mi
474 2656 508 2688 in
527 2661 680 2690 manust.

61 2728 164 2749 manu
183 2715 258 2749 FZ.
330 2729 448 2749 manus
467 2717 581 2750 BCD.

112 2764 164 2795 16.
211 2774 273 2794 non
298 2763 392 2795 cades
417 2764 492 2805 quin
512 2763 587 2797 FZ.
658 2777 720 2798 non
745 2764 852 2798 clades
877 2767 953 2809 quin
973 2765 1013 2799 B.
1086 2779 1148 2799 non
1172 2766 1270 2799 Andes
1295 2778 1380 2808 qmcn
1400 2766 1440 2798 C.
1515 2778 1576 2798 non

60 2808 169 2841 clades
186 2820 244 2851 que
259 2809 293 2840 in
313 2808 360 2841 D.
749 2812 757 2819 “

113 2865 166 2894 17.
216 2855 262 2887 So
279 2853 342 2887 the
361 2853 464 2888 MSS.
527 2858 673 2900 jacentis
691 2855 806 2901 (acc.)
826 2857 854 2890 B
873 2858 941 2891 and
960 2858 1021 2892 the
1041 2862 1125 2892 rest.
1278 2857 1375 2890 ambo
1395 2857 1511 2889 Herrn
1533 2856 1576 2891 R.

61 2900 160 2934 Tollet
176 2902 315 2934 iacentes
326 2907 403 2944 post
420 2901 482 2934 W.

111 2950 163 2980 18.
212 2949 279 2980 Tun
297 2959 348 2979 me
363 2948 426 2988 ais,
453 2958 491 2980 so
511 2948 675 2990 Scaliger.
749 2952 816 2984 ‘Tun
834 2956 904 2983 meri
933 2977 940 2984 .
965 2952 991 2984 is
1014 2951 1053 2985 B.
1129 2953 1194 2983 Tun
1213 2955 1283 2982 meri
1302 2951 1356 2981 vis
1377 2949 1443 2983 Bb.
1492 2949 1575 2983 The

807 3024 829 3050 E
