1879 3248
634 237 917 277 EXCVRSVS
947 237 1088 276 VIL—
1099 238 1131 285 Q
1143 238 1205 277 VI.
1595 252 1676 295 213

160 361 279 401 Andr.
297 361 348 400 ΙΙ.
365 362 386 399 i.
406 370 440 410 7,
460 360 550 398 Ah!
577 365 710 410 quanto
727 363 844 399 satius
862 365 922 407 est,
938 366 970 399 te
988 363 1031 399 id
1045 363 1132 399 dare
1151 368 1293 411 operam
1312 364 1380 411 qui
1394 363 1502 400 istum
1521 376 1678 401 amorem

158 440 210 465 ex
228 428 349 465 animo
367 439 532 465 amoveas
556 431 625 465 tuo.
682 427 759 465 For
777 427 886 465 other
905 427 1101 477 examples
1132 440 1195 466 see
1216 427 1334 465 Most.
1357 429 1408 466 II.
1430 430 1452 467 i.
1474 442 1537 475 41,
1571 429 1679 467 Trin.

159 494 190 531 I.
220 495 254 531 ii.
281 495 367 539 126,
397 493 520 531 Andr.
546 493 598 531 ΙΙ.
628 494 650 531 i.
680 506 742 542 34,
769 503 831 542 35,
860 493 959 531 Eun.
981 493 1030 531 V.
1061 494 1108 531 iii.
1139 507 1172 539 2,
1199 506 1259 539 11,
1290 494 1431 532 Heaut.
1463 494 1535 532 III.
1565 495 1588 532 i.
1616 496 1678 543 83,

159 558 258 596 Hec.
280 558 332 595 ΙΙ.
353 559 401 596 iii.
423 560 459 603 6,
487 558 560 595 III.
581 558 604 595 i.
627 559 662 604 8,
682 558 729 595 V.
752 559 796 595 iv.
823 571 884 607 29,
914 558 1027 596 Phor.
1049 559 1078 596 I.
1099 560 1134 596 ii.
1157 560 1220 605 80,
1248 559 1299 596 ΙΙ.
1321 559 1368 596 iii.
1392 571 1454 607 49,
1478 570 1539 607 51,
1564 558 1612 596 V.
1633 561 1679 597 vi.

163 633 222 671 15,
244 636 319 672 493
353 630 393 661 to
413 623 535 661 which
558 636 614 661 we
643 636 732 673 may
760 623 837 661 add
866 623 986 661 Mero.
1016 624 1067 661 II.
1099 624 1120 661 i.
1145 637 1206 672 34,
1239 624 1471 663 Conlubitum
1503 629 1556 662 est
1586 625 1685 662 illud

156 689 254 726 milzi
270 690 383 725 nescio
401 689 469 738 qui
484 690 609 734 visere,
639 689 660 725 i.
675 701 707 727 e.
738 690 853 726 nescio
871 701 940 737 quo
960 690 1068 734 modo,
1100 692 1109 708 ‘
1125 689 1323 727 somehow
1343 701 1387 727 or
1407 689 1538 727 other.’

215 753 294 799 Qui
316 754 348 791 is
367 754 463 791 used
489 754 528 791 in
548 766 570 791 a
590 754 707 791 direct
726 754 904 803 question
923 761 992 791 not
1011 754 1102 804 only
1124 766 1166 792 as
1185 754 1401 803 equivalent
1420 762 1460 792 to
1479 766 1547 802 quo
1567 754 1677 800 modo,

155 831 224 867 quo
248 821 396 865 ratione,
420 821 488 857 but
517 820 596 857 also
621 819 679 857 for
698 820 761 857 the
792 820 926 869 simple
956 833 1024 857 cur
1049 832 1093 857 or
1116 833 1230 869 quare
1252 820 1453 870 (perche'),·
1484 820 1596 858 Cure.
1623 820 1674 857 ΙΙ.

156 884 191 921 ii.
211 894 271 932 27,
293 884 398 921 Heus
411 884 652 931 Phaedrome,
671 885 748 930 exi,
769 886 844 930 exi,
865 886 941 930 exi,
962 885 1122 934 inquam,
1139 886 1246 923 ocius.
1276 885 1326 923 P.
1352 884 1430 931 Qui
1445 887 1526 923 istic
1543 886 1675 922 clamo-

155 962 230 987 rem
249 950 346 987 tollis
359 953 380 986 ,Ρ
407 949 527 987 Merc.
550 950 602 987 Π.
624 951 667 987 iv.
697 952 756 996 18,
786 949 834 987 E.
870 949 976 987 Visne
994 963 1071 987 eam
1091 951 1145 987 ad
1150 956 1299 999 portum
1313 953 1334 987 τ’
1383 950 1425 989 C.
1461 950 1540 997 Quz'
1553 953 1677 1000 potius

154 1026 263 1063 quam
296 1015 388 1052 voles
402 1017 423 1051 ,Ρ
467 1014 516 1052 Ε.
554 1014 674 1063 Atque
707 1016 870 1052 eximam
903 1014 1105 1052 Mulzxerem
1125 1017 1246 1064 pretio
1260 1018 1281 1051 P
1322 1015 1400 1061 Qui
1413 1017 1537 1064 potius
1569 1028 1677 1064 quam

153 1090 247 1116 auro
266 1081 448 1127 expendas
459 1082 480 1115 fl
509 1091 572 1116 see
593 1079 674 1117 also
694 1079 794 1117 Rud.
812 1080 884 1116 III.
906 1081 941 1117 ii.
967 1090 1026 1127 25,
1049 1080 1164 1118 Stich.
1186 1080 1215 1118 I.
1237 1081 1271 1117 ii.
1289 1092 1324 1126 4,
1347 1080 1455 1117 Trin.
1473 1080 1502 1117 Ι.
1524 1081 1558 1117 ii.
1577 1093 1639 1126 40.

208 1145 264 1182 As
298 1147 336 1182 in
366 1145 428 1182 the
457 1157 544 1182 case
573 1145 620 1182 of
647 1157 714 1193 quo
744 1146 854 1190 mod0‚
884 1146 951 1194 qui
979 1157 1068 1195 may
1097 1146 1145 1183 be
1179 1145 1277 1183 used
1310 1145 1369 1183 for
1397 1158 1465 1182 cur
1493 1158 1538 1183 or
1566 1158 1679 1194 quare

154 1209 264 1246 when
294 1209 397 1247 there
427 1210 458 1247 is
486 1221 538 1247 no
568 1209 687 1247 direct
715 1211 904 1258 question,
935 1209 1013 1247 and
1045 1210 1076 1248 is
1105 1210 1144 1247 in
1173 1210 1246 1248 this
1276 1222 1363 1248 ease
1394 1211 1610 1260 equivalent
1638 1218 1678 1248 to

143 1279 294 1323 propter
317 1275 434 1322 quod,·
468 1274 556 1312 thus
584 1274 703 1312 Poen.
729 1274 759 1311 Ι.
787 1275 822 1312 ii.
847 1276 909 1321 64,
944 1274 1046 1321 Quid
1068 1274 1207 1312 habetis
1235 1276 1303 1324 qui
1335 1288 1438 1325 mage
1469 1276 1678 1313 inmortales

151 1351 214 1376 vos
240 1339 385 1376 credam
412 1351 484 1376 esse
502 1351 611 1387 quam
638 1351 700 1388 ego
727 1340 839 1383 sz'em,·
872 1339 989 1377 Truc.
1018 1339 1090 1377 ΙΙΙ.
1119 1341 1141 1377 i.
1171 1352 1230 1388 19,
1265 1339 1367 1386 Quid
1395 1341 1488 1377 istuc
1515 1341 1674 1378 alienum

150 1407 211 1449 est,
231 1403 368 1449 amabo,
393 1405 447 1440 mi
472 1402 658 1449 Strabax,
683 1403 762 1450 Qui
785 1416 855 1441 non
883 1405 1058 1453 extemplo
1086 1406 1222 1442 intres:
1252 1405 1320 1443 but
1349 1406 1387 1444 in
1407 1405 1480 1444 this
1509 1405 1579 1443 last
1607 1418 1674 1443 ex-

151 1468 277 1518 ample
297 1481 353 1506 we
374 1468 496 1517 might
515 1468 654 1517 regard
672 1469 740 1517 qui
756 1480 798 1506 as
819 1469 883 1506 the
903 1470 1146 1507 nominative.

205 1533 253 1570 In
287 1532 361 1570 like
395 1545 557 1570 manner
585 1545 627 1570 as
657 1533 738 1581 quis
767 1545 810 1571 or
838 1535 905 1581 qui
933 1535 972 1571 in
999 1534 1062 1572 the
1091 1535 1324 1573 nominative
1353 1535 1385 1573 is
1414 1534 1672 1584 occasionally

150 1598 365 1647 equivalent
385 1604 423 1635 to
444 1597 588 1646 aliquis,
611 1609 654 1634 so
674 1598 742 1646 qui
757 1598 796 1635 in
815 1598 877 1635 the
899 1598 1058 1636 ablative
1078 1599 1109 1637 is
1129 1599 1334 1648 employed
1354 1599 1413 1637 for
1431 1601 1554 1648 aliquo
1573 1601 1672 1637 modo

150 1674 194 1699 or
214 1663 286 1699 ullo
305 1662 429 1705 m0d0,·
458 1661 546 1699 thus
567 1661 668 1700 Rud.
689 1662 761 1699 III.
784 1663 828 1700 iv.
854 1675 915 1711 31,
936 1662 1083 1709 Fateor,
1109 1676 1172 1713 ego
1198 1664 1419 1714 trzsurcffer
1437 1677 1540 1701 sum:
1570 1669 1610 1701 tu
1637 1677 1673 1701 es

149 1727 250 1763 homo
277 1727 442 1775 adprime
461 1726 612 1775 probus.
668 1725 774 1764 Num
803 1728 871 1776 qui
894 1728 1014 1765 minus
1042 1728 1147 1765 hasce
1173 1741 1244 1765 esse
1273 1733 1406 1778 oportet
1429 1729 1564 1767 liberas
1578 1732 1599 1766 ,Ρ
1628 1729 1671 1767 ‘I

150 1791 304 1828 confess
332 1792 370 1836 it,
392 1790 411 1828 I
431 1803 494 1828 am
514 1803 536 1828 a
555 1791 786 1841 triple-dyed
817 1792 1047 1839 scoundrel,
1076 1804 1154 1842 you
1183 1806 1245 1831 are
1275 1806 1297 1832 a
1316 1806 1408 1832 man
1434 1806 1580 1844 among
1607 1794 1671 1833 the

150 1855 335 1893 foremost
363 1856 402 1893 in
421 1855 566 1902 worth3
600 1857 668 1894 but
697 1856 818 1906 ought
845 1857 952 1895 these
981 1857 1148 1896 damsels
1176 1865 1216 1896 to
1246 1860 1294 1896 be
1323 1859 1363 1896 in
1391 1871 1466 1909 any
1485 1872 1568 1909 way
1595 1859 1671 1898 less

148 1920 226 1958 free
256 1932 309 1958 on
328 1920 408 1958 that
435 1928 598 1958 account
614 1921 643 1959 ?'
675 1922 800 1971 again,
822 1922 939 1960 Truc.
960 1922 1012 1961 ΙΙ.
1033 1923 1055 1960 i.
1080 1932 1141 1972 27,
1169 1923 1319 1961 Probus
1346 1928 1400 1961 est
1424 1930 1578 1971 amator,
1606 1926 1676 1974 qui

148 1986 283 2023 relictis
310 1985 417 2023 rebus
436 1998 512 2022 rem
535 1986 661 2035 perdit
684 1999 801 2033 suam,
820 1987 878 2024 At
902 1999 965 2024 nos
984 1988 1077 2025 male
1095 2002 1203 2038 agere
1224 1990 1444 2038 praedicant
1460 1991 1541 2027 viri
1562 1990 1673 2027 solere

146 2063 274 2096 secum,
287 2050 435 2099 Nosque
453 2063 524 2088 esse
543 2063 707 2089 avaras:
742 2064 870 2101 quaeso
890 2065 978 2089 num
997 2054 1065 2101 qui
1079 2054 1171 2091 male
1189 2067 1253 2091 nos
1271 2056 1416 2103 agimus
1435 2055 1575 2092 tandem
1588 2057 1609 2092 P
1634 2055 1671 2093 ‘I

148 2116 285 2153 should
304 2115 378 2153 like
398 2122 438 2153 to
458 2115 585 2162 know,
606 2117 657 2154 do
678 2129 745 2162 we,
768 2116 862 2154 after
891 2117 950 2163 all,
970 2118 1009 2154 in
1031 2130 1106 2168 any
1125 2131 1207 2169 way
1226 2126 1320 2157 treat
1348 2119 1453 2158 them
1482 2121 1519 2157 ill
1535 2120 1565 2158 ?’
1624 2121 1670 2158 In

146 2180 210 2218 the
229 2181 350 2218 above
370 2180 566 2229 examples
590 2181 658 2229 qui
682 2181 714 2218 is
742 2181 934 2230 preceded
955 2183 1005 2232 by
1024 2195 1123 2229 num,
1146 2184 1214 2221 but
1233 2184 1308 2222 this
1337 2185 1367 2222 is
1396 2192 1465 2223 not
1490 2185 1552 2224 the
1582 2198 1670 2224 case

146 2245 186 2282 in
214 2245 320 2282 Trin.
347 2245 376 2283 Ι.
407 2246 441 2284 ii.
465 2248 526 2294 83,
561 2245 660 2291 Quin
687 2259 766 2284 eum
795 2249 958 2285 restituis
972 2250 993 2284 ,Ρ
1025 2250 1114 2297 quin
1142 2249 1195 2286 ad
1202 2249 1364 2298 frugem
1392 2251 1583 2300 corrigis?
1615 2250 1675 2288 Ei

108 2333 117 2337 -
147 2311 206 2347 rez'
228 2316 370 2358 operam
399 2310 488 2347 dare
515 2315 545 2348 te
562 2311 705 2360 suerat
733 2312 922 2361 aliquanto
954 2314 1115 2362 aequius,
1146 2312 1197 2352 Si
1226 2316 1294 2364 qui
1311 2315 1517 2363 probiorem
1535 2315 1671 2366 facere

139 2376 270 2423 possis,
300 2378 308 2393 ‘
325 2374 370 2420 If,
401 2375 440 2412 in
469 2387 578 2413 some
608 2389 690 2426 way
709 2389 754 2414 or
782 2377 912 2423 other‚'
938 2381 1009 2424 (or,
1041 2379 1104 2416 ‘in
1134 2391 1208 2430 any
1227 2380 1350 2430 way‚')
1383 2384 1485 2431 ‘you
1514 2393 1602 2431 may
1621 2382 1669 2420 be

146 2439 231 2476 able
251 2446 291 2476 to
312 2439 425 2477 make
445 2439 525 2476 him
544 2452 651 2478 more
671 2442 932 2490 respectable.'

200 2503 283 2541 Not
310 2504 399 2553 only
427 2505 459 2541 is
487 2506 554 2553 qui
577 2505 674 2542 used
703 2518 745 2543 as
773 2506 837 2544 the
866 2507 1027 2545 ablative
1057 2508 1227 2557 singular
1252 2508 1297 2547 of
1320 2509 1383 2547 the
1413 2510 1575 2556 relative,
1601 2511 1670 2549 but

145 2569 250 2606 there
284 2580 346 2606 are
380 2581 403 2606 a
436 2568 507 2606 few
541 2581 724 2619 passages
756 2571 796 2608 in
829 2571 964 2617 which,
999 2573 1206 2622 according
1242 2580 1282 2611 to
1315 2574 1377 2611 the
1411 2575 1558 2612 natural
1591 2575 1669 2613 and

145 2634 307 2671 obvious
341 2634 614 2680 construction,
647 2635 674 2671 it
706 2641 807 2672 must
840 2643 1038 2685 represent
1070 2637 1134 2675 the
1168 2637 1328 2676 ablative
1362 2639 1483 2688 plural
1512 2639 1668 2687 quibus,-

144 2698 232 2736 thus
263 2697 377 2735 Stich.
403 2697 454 2736 ΙΙ.
483 2698 504 2736 i.
529 2710 590 2744 20,
620 2697 697 2736 Sed
719 2700 872 2746 tandem,
901 2702 1039 2749 opinor,
1069 2703 1219 2750 aequius
1245 2707 1299 2740 est
1323 2703 1448 2740 heram
1476 2704 1573 2740 mz'lzz'
1596 2716 1668 2741 esse

144 2763 346 2811 supplicem,
366 2762 485 2811 Atque
512 2767 673 2800 oratores
701 2765 839 2802 mittere
866 2765 920 2802 ad
942 2778 1005 2811 me,
1026 2767 1186 2815 donaque
1211 2779 1262 2804 ex
1290 2779 1394 2813 aur0,
1414 2773 1448 2804 et
1464 2768 1668 2817 quadrigas

148 2827 227 2874 Qui
242 2827 377 2864 vehar:
404 2839 490 2864 nam
496 2827 650 2876 pedibus
669 2829 724 2865 ire
744 2841 814 2866 non
832 2841 938 2878 queo,·
965 2829 1066 2868 Rud.
1084 2831 1113 2868 I.
1131 2832 1165 2869 ii.
1185 2841 1246 2880 35,
1268 2831 1367 2877 Quin
1386 2835 1425 2869 tu
1445 2833 1484 2869 in
1494 2833 1666 2880 paludem

145 2893 189 2938 is,
208 2892 441 2940 exsz'ccasque
459 2892 661 2930 arundines
685 2892 763 2939 Qui
769 2898 1000 2943 pertegamus
1019 2896 1160 2942 villam,
1177 2897 1262 2933 dum
1281 2897 1410 2933 sudum
1431 2901 1504 2940 est,·
1530 2897 1598 2934 IV.
1620 2897 1666 2935 iv.

147 2959 210 3003 66,
233 2956 419 2995 Cistellam
447 2958 526 2994 istic
550 2957 660 2995 inesse
686 2962 818 3007 oportet
840 2960 1009 2998 caudeam
1039 2962 1076 2998 in
1102 2961 1168 2998 isto
1193 2961 1324 3006 vidulo,
1356 2961 1423 2999 Vbi
1446 2967 1533 2999 sunt
1557 2963 1665 3011 signa
