1879 3248
516 180 693 219 ACTVS
732 181 780 217 V.
854 180 1030 218 SCENA
1068 180 1140 218 111.
1534 181 1583 232 87

67 302 305 356 Propterea,
329 302 429 354 quia
454 300 575 354 fecit,
599 313 704 353 quae
734 306 778 340 te
809 301 916 340 scire
947 301 1041 340 scit.
1104 300 1235 341 Nunc
1265 307 1309 341 te
1340 314 1528 356 opsecro,

63 375 280 416 Stultitiae
310 373 706 426 adulescentiaeque
737 374 829 413 eius
859 374 1067 426 ignoscas.
1128 373 1246 414 Tuus
1278 380 1371 428 est3
1529 388 1583 431 35

61 448 167 502 Scis,
197 447 330 487 solere
361 447 491 487 illanc
521 452 708 487 aetatem
739 447 816 486 tali
848 446 945 486 ludo
976 446 1146 500 ludere,

61 520 279 577 quuid
308 520 428 574 fecit,
460 521 681 561 nobiscum
713 533 797 560 una
827 520 960 573 fecit,
1001 533 1079 561 nos
1110 521 1394 574 deliquimus:

59 595 238 648 Faenus,
280 600 450 648 sortem,
490 600 783 648 sumptumque
820 607 1008 648 omnem,
1041 596 1113 647 qui
1154 596 1294 635 amica
1337 596 1517 651 [empta]

230 673 310 721 est,
343 668 492 708 omnia

59 741 156 781 Nos
187 741 397 796 dabimus,
429 754 506 782 nos
536 741 815 796 conferemus,
847 747 992 782 nostro
1024 749 1209 797 sumptu,
1242 756 1328 783 non
1359 749 1444 783 tuo.

121 817 199 855 TH.
249 815 355 855 Non
405 816 544 869 potuit
584 817 732 856 venire
773 822 913 856 orator
955 818 1091 870 magis
1131 818 1183 858 ad
1223 831 1291 857 me
1333 818 1522 871 inpetra-

230 888 345 942 bilis,
1520 904 1576 943 40

57 961 198 1017 Qm
238 968 310 1001 tu:
360 974 496 1015 neque
537 962 602 1001 illi
648 974 740 1001 sum
789 964 934 1015 iratus,
986 974 1121 1015 neque
1167 963 1390 1016 quicquam
1430 977 1521 1004 suc-

229 1049 412 1090 censeo,

57 1109 148 1149 [mo
178 1121 246 1149 me
278 1114 498 1162 praesente
528 1115 685 1162 amato,
716 1109 870 1163 bibitO,
900 1109 1035 1149 facito
1065 1110 1173 1162 quod
1206 1110 1334 1150 lubet.

55 1181 98 1222 Si
129 1183 208 1222 hoc
239 1182 382 1236 pudet,
413 1182 564 1222 fecisse
595 1193 822 1236 sumptum,
855 1183 1054 1237 supplicii
1086 1184 1220 1224 habeo
1251 1186 1369 1225 satis.

117 1259 196 1297 CA.
238 1256 463 1310 Dispudet.
552 1259 631 1298 TR.
671 1257 759 1297 Dat
787 1257 913 1297 istam
944 1259 1128 1297 veniam.
1200 1258 1315 1314 Qd
1348 1271 1416 1298 me
1446 1258 1518 1299 fiet

228 1344 340 1371 nunc
372 1331 490 1371 iam?

118 1407 196 1445 TH.
221 1404 488 1458 Verberibus,
511 1404 659 1458 lutum,
681 1404 854 1444 caedere
877 1405 1089 1458 pendens!
1163 1408 1242 1445 TR.
1265 1405 1516 1446 Tamenetsi

173 1471 177 1475 ”
227 1478 385 1531 pudet?
1517 1489 1573 1533 45

105 1612 159 1643 34.
208 1603 387 1645 Propterea
412 1603 488 1644 quia
503 1602 592 1643 fecit
615 1613 698 1644 quae
721 1608 752 1634 te
777 1601 913 1634 CDFZ
941 1600 1054 1645 (facit
1080 1601 1142 1645 C).
1214 1604 1395 1645 Propterea
1419 1604 1473 1646 qui
1486 1602 1576 1645 fi’cit

55 1676 130 1707 qum
150 1689 158 1696 .
176 1670 217 1704 te,
235 1662 321 1695 with
338 1662 400 1696 the
419 1673 562 1695 erasure
580 1662 622 1696 of
635 1673 704 1696 one
722 1663 841 1705 letter,
861 1662 923 1696 Ba.
995 1665 1175 1707 Propterea
1192 1653 1348 1707 qui“ftcit
1363 1654 1491 1708 qu-te
1508 1665 1575 1700 Bb.

55 1712 197 1754 Propter
212 1721 251 1742 ea
269 1721 350 1752 quae
356 1709 443 1751 fecit
460 1722 553 1752 quom
571 1716 602 1742 te
621 1709 665 1742 R.
738 1711 917 1754 Propterea
935 1722 1016 1752 quae
1022 1710 1111 1752 ficit
1127 1712 1204 1753 quia
1222 1719 1252 1744 te
1270 1711 1330 1744 XV.

104 1767 159 1798 35.
206 1755 347 1788 stulticie
360 1755 456 1789 BaF.
520 1756 663 1805 stulticie
675 1755 774 1790 BbC.
897 1756 1200 1800 adolescentiaeque,
1219 1768 1261 1790 or
1277 1757 1577 1803 adulescentiaeque

54 1819 116 1853 the
135 1819 241 1852 MSS.
313 1819 607 1863 adulescentiaique
626 1819 670 1852 R.
812 1821 962 1863 ignoscat
979 1819 1041 1861 Ba,
1060 1830 1104 1853 an
1123 1820 1267 1854 evident
1284 1820 1448 1855 blunder.

106 1868 160 1908 36.
209 1865 308 1899 illunc
327 1865 389 1907 Ba,
407 1876 452 1899 an
470 1866 614 1899 evident
631 1865 794 1899 blunder.
935 1873 1056 1899 etatem
1075 1867 1116 1900 C.

107 1923 161 1954 37.
211 1912 374 1945 nobiscum
393 1924 459 1945 una
477 1913 620 1945 Camer.
693 1924 758 1945 una
776 1911 940 1945 nobiscum
957 1912 1019 1946 the
1039 1912 1144 1946 MSS.
1286 1926 1353 1955 nos,
1371 1924 1411 1947 so
1430 1914 1574 1949 Camer.

54 1971 127 2000 non,
145 1969 188 1992 or
204 1961 236 2000 ἧ,
255 1958 317 1991 the
336 1958 441 1991 MSS.
584 1958 786 2002 deliquimus,
805 1969 844 1991 so
863 1958 957 1992 Pius.
1030 1959 1245 2003 delinquimus
1262 1960 1324 1993 the
1343 1960 1448 1994 MSS.

105 2009 158 2046 38.
206 2005 261 2048 qui
283 2005 394 2038 amica
418 2003 558 2049 [empta]
584 2012 644 2048 est,
670 2014 710 2038 so
729 2004 827 2038 WR.
898 2012 1009 2049 empta
1033 2005 1060 2039 is
1085 2011 1150 2040 not
1179 2006 1291 2040 found
1319 2007 1354 2040 in
1377 2007 1439 2040 the
1467 2007 1575 2042 MSS.

53 2052 170 2095 quanti
185 2052 297 2085 amica
313 2057 361 2083 est
379 2051 521 2084 Camer.

103 2109 158 2139 39.
207 2097 404 2140 conferimus
422 2097 463 2131 B.

100 2155 157 2185 41.
205 2144 255 2177 illi
279 2156 352 2176 sum
377 2145 498 2186 iratus,
524 2153 564 2177 so
588 2143 650 2177 the
677 2144 782 2178 MSS.
805 2142 822 2188 (
842 2169 850 2178 .
868 2156 907 2177 su
925 2169 932 2177 .
953 2169 961 2178 .
979 2151 1075 2178 ratus
1103 2144 1166 2178 Ba.
1240 2170 1247 2178 .
1265 2151 1306 2178 ,τᾶ
1325 2171 1332 2179 .
1350 2147 1460 2179 iratus
1487 2145 1574 2190 Bb).

52 2190 103 2223 illi
126 2192 197 2224 iam
222 2202 295 2223 sum
320 2192 429 2224 iratus
450 2190 494 2224 R.
565 2190 616 2224 illi
638 2203 712 2223 sum
733 2188 837 2236 [iam]
857 2192 966 2224 iratus
984 2191 1046 2225 W.
1194 2192 1373 2236 quidquam
1399 2205 1574 2235 succenseo,

53 2246 93 2269 so
110 2236 171 2270 the
191 2236 295 2270 MSS.
368 2238 540 2280 quicquam
557 2238 586 2269 ei
602 2250 765 2271 suscenseo
781 2237 825 2271 R.

101 2294 157 2324 43.
197 2289 293 2326 putet
311 2282 351 2324 C,
370 2293 414 2316 an
432 2283 576 2316 evident
594 2283 758 2317 blunder.
900 2283 1036 2327 supplici
1052 2284 1122 2317 iam
1143 2283 1186 2318 R.

101 2341 158 2370 44.
208 2330 254 2362 So
272 2329 408 2362 Acidal.
423 2329 526 2371 Vulg.
540 2329 602 2363 W.
676 2330 759 2363 The
778 2329 883 2363 MSS.
902 2340 962 2363 are
981 2335 1142 2374 corrupt.
1216 2330 1318 2364 Thus
1338 2331 1366 2364 B
1385 2331 1495 2365 has—

158 2425 170 2439 (
194 2388 248 2419 Tr.
283 2386 491 2429 Dispudetis
516 2391 590 2420 tam
616 2387 756 2420 veniam
781 2386 868 2431 quid
894 2397 952 2420 me
972 2385 1051 2420 fiet.
1117 2388 1174 2421 Th.
1209 2388 1383 2422 Nuntiam

54 2446 242 2490 (Nuntium
261 2447 348 2492 Bb).
422 2449 557 2481 CDFZ
577 2449 713 2482 have—

194 2507 248 2539 Tr.
283 2505 462 2548 Dispudet
488 2506 591 2539 istam
616 2506 757 2539 veniam
782 2505 868 2549 quid
895 2516 952 2539 me
978 2505 1040 2539 fiet
1065 2517 1160 2540 nunc
1186 2507 1267 2550 iam,

53 2566 182 2605 except
199 2561 277 2595 that
295 2563 363 2595 CD
382 2562 471 2596 omit
487 2564 542 2597 Tr.
617 2563 649 2595 R
667 2563 777 2596 has—

194 2620 254 2653 Ca.
282 2619 471 2663 Dispudet.
537 2622 592 2653 Tr.
619 2620 653 2653 Si
672 2621 776 2653 istam
794 2619 856 2653 das
874 2620 1026 2662 veniam,
1044 2620 1130 2663 quid
1152 2631 1209 2654 me
1228 2621 1289 2655 fiet
1307 2633 1401 2656 nunc
1420 2624 1501 2657 iam.

103 2687 157 2716 45.
207 2676 311 2710 lutum
346 2677 478 2710 caedere
511 2677 643 2720 Guyet.
680 2677 776 2711 RW.
848 2677 981 2710 caedere
1013 2677 1119 2710 lutum
1148 2678 1244 2712 BaC.
1325 2680 1433 2713 redere
1465 2681 1571 2714 lutum

54 2722 170 2755 DFZ.
243 2724 375 2756 caedere
401 2725 514 2757 visum
543 2724 609 2758 Bb.
752 2725 944 2765 Tamenetsi,
975 2734 1014 2757 So
1042 2725 1188 2758 Gruter.
1262 2727 1427 2759 ‘I'aminest
1453 2729 1483 2759 si
1511 2727 1572 2760 Ba.

53 2768 220 2828 Tamineit
253 2798 281 2830 si
316 2796 381 2830 Bb.
455 2798 536 2830 ‘Tam
565 2798 648 2831 inest
680 2798 708 2830 si
743 2797 784 2831 C.
858 2796 1053 2831 -Taffiinestsi
1085 2797 1131 2832 D.
1206 2799 1348 2832 Tametsi
1379 2799 1418 2833 F.
1492 2802 1572 2833 ‘Tam

109 2841 221 2867 Ὢ

54 2876 85 2901 et
103 2872 131 2903 si
152 2870 193 2903 Z.
