1879 3248
253 195 267 222 1
279 183 301 221 8
690 181 890 220 PLAVT1
931 178 1334 219 MOSTELLARIA.

253 305 307 345 Vt
339 318 417 359 ego
457 305 706 346 exheredem
747 307 853 346 meis
890 307 1013 347 bonis
1045 319 1112 346 me
1144 305 1315 358 faciam,
1346 310 1472 357 atque
1513 303 1615 342 haec
1655 302 1714 342 sit

422 380 554 420 heres.

308 456 379 495 SC.
423 453 512 493 Iam
545 455 628 494 ista
657 453 828 506 quidem
860 463 1081 507 apsumpta
1116 466 1181 493 res
1217 453 1323 493 erit:
1364 451 1456 491 dies
1487 454 1715 502 noctesque

424 534 553 580 estur,
586 528 761 580 bibitur,

250 602 404 655 Neque
435 602 655 654 quisquam
687 602 994 654 parsimoniam
1024 601 1226 653 adhibet,
1268 599 1415 652 sagina
1446 599 1573 652 plane
1604 603 1683 638 est.

305 678 441 715 PHJL.
474 673 525 713 In
545 678 590 714 te
619 674 758 714 hercle
787 680 949 714 certum
977 680 1041 714 est
1070 673 1346 727 principium,
1369 678 1413 712 ut
1441 673 1524 712 sim
1553 683 1715 725 parcus,

423 750 634 803 experiri,
1719 747 1774 787 80

251 823 369 863 Nam
400 836 536 876 neque
565 823 664 864 edes
691 824 934 876 quicquam,
957 835 1092 875 neque
1115 823 1234 862 bibes
1256 820 1364 876 apud
1387 833 1454 860 me
1477 819 1544 860 his
1569 819 1717 859 decem

421 896 582 937 diebus.

307 974 395 1012 PH.
424 971 468 1012 Si
489 971 590 1025 quid
610 977 656 1012 tu
686 973 733 1012 in
762 972 884 1012 illum
905 972 1014 1011 bene
1036 971 1154 1011 voles
1176 971 1307 1024 loqui,
1330 969 1372 1009 id
1402 969 1515 1022 loqui
1538 967 1718 1020 licebit3

250 1045 349 1086 Nec
379 1052 492 1086 recte
523 1047 559 1086 si
592 1046 657 1086 illi
690 1046 865 1100 dixeris,
897 1049 984 1086 iam
1015 1051 1179 1086 ecastor
1209 1044 1441 1099 vapulabis.

306 1122 442 1160 PHJL.
493 1119 654 1174 Edepol
704 1121 740 1161 si
797 1132 962 1161 summo
1011 1119 1105 1160 Iovi
1157 1120 1258 1159 vivo
1319 1124 1493 1172 argento
1553 1115 1718 1158 sacrufi-

423 1207 600 1248 cassem,

250 1266 328 1308 Pro
375 1268 490 1308 illius
535 1268 677 1322 capite
725 1267 835 1321 quod
878 1267 1002 1307 dedi:
1057 1280 1288 1321 numquam
1335 1279 1463 1320 aeque
1515 1265 1558 1305 id
1610 1265 1717 1304 bene

423 1343 642 1383 locassem.
1721 1338 1775 1392 85

249 1416 306 1457 Vt
338 1415 483 1457 videas
524 1415 904 1456 eam-medullitus
946 1427 1015 1455 me
1056 1415 1221 1456 amare!
1282 1415 1368 1469 Oh,
1410 1415 1561 1469 probus
1590 1414 1716 1452 homo

422 1501 541 1530 sum:

246 1563 368 1619 Qae
399 1575 472 1616 pro
503 1575 572 1602 me
603 1574 771 1602 causam
803 1561 982 1615 diceret,
1015 1563 1242 1615 'patronum
1273 1561 1467 1600 liberavi.

306 1638 379 1678 Sc.
421 1635 574 1690 Video,
622 1641 667 1677 te
715 1636 841 1676 nihili
889 1635 1073 1689 pendere
1124 1647 1222 1689 prae
1274 1634 1517 1675 Philolache
1567 1644 1719 1673 omnes

423 1710 643 1750 homines:

297 1857 354 1887 77.
402 1846 492 1880 bonis
517 1859 568 1880 me
582 1847 721 1890 faciam
741 1847 884 1880 Camer.
957 1859 1008 1879 me
1030 1845 1120 1879 bonis
1133 1845 1270 1888 fatiam
1289 1845 1330 1879 B.
1404 1858 1455 1878 me
1470 1845 1560 1878 bonis
1567 1843 1707 1886 faciam
1726 1843 1777 1877 D.

250 1906 302 1926 me
307 1894 446 1936 faciam
463 1893 554 1927 bonis
573 1894 615 1927 C.
758 1895 803 1926 sit
819 1894 923 1934 heres,
941 1903 982 1925 So
1001 1892 1042 1926 B.
1113 1893 1158 1925 sit
1176 1905 1226 1925 res
1247 1892 1328 1925 CD.

297 1944 353 1980 78.
402 1941 530 1984 quidem
555 1940 714 1974 absumta
739 1952 790 1973 res
810 1940 852 1973 Z.
902 1939 986 1972 The
1005 1939 1111 1973 MSS.
1129 1938 1363 1982 erroneously
1388 1942 1512 1982 repeat
1529 1938 1657 1981 quidem
1683 1935 1777 1970 after

250 1986 440 2030 absumpta.
581 1987 648 2020 dies
666 1994 832 2029 noctesque
848 1986 892 2019 all
910 1985 972 2019 the
991 1985 1097 2019 MSS.
1116 1984 1231 2029 (acc.)

298 2043 353 2073 79.
403 2033 547 2066 Camer.
575 2034 695 2076 places
721 2033 846 2066 bibitur
872 2037 908 2065 at
935 2031 998 2065 the
1025 2035 1341 2065 commencement
1366 2030 1408 2064 of
1433 2031 1503 2064 this
1528 2030 1611 2072 line,
1639 2029 1710 2063 and
1735 2040 1776 2063 so

251 2079 355 2121 Vulg.
498 2080 610 2122 IVeque
627 2081 798 2122 quisquam
818 2078 932 2111 BCD.
1005 2078 1075 2110 Nec
1092 2079 1263 2121 quisquam
1284 2078 1346 2111 W.

299 2128 355 2158 80.
405 2131 563 2157 certumst
581 2125 662 2158 CD.
736 2132 860 2158 certum
877 2131 926 2157 est
944 2124 972 2156 B
1000 2124 1070 2157 and
1095 2124 1157 2157 the
1184 2128 1268 2157 rest.
1408 2124 1623 2168 principium,
1648 2133 1689 2156 SO
1713 2122 1775 2156 the

252 2171 358 2205 MSS.
423 2172 574 2215 principe
592 2171 699 2204 Both.
720 2171 816 2212 RW,
835 2170 950 2204 which
970 2180 1051 2213 may
1068 2169 1114 2203 be
1132 2170 1236 2212 right.

301 2220 357 2251 81.
406 2230 457 2250 me
485 2219 537 2250 hic
565 2218 682 2259 decem,
711 2228 731 2250 a
760 2218 855 2261 conj.
883 2216 923 2250 of
948 2216 1066 2258 Both„
1097 2216 1263 2250 followed
1291 2217 1337 2260 by
1368 2216 1465 2250 RW.
1540 2229 1591 2250 me
1617 2217 1702 2250 isdec
1734 2216 1776 2251 B.

251 2265 330 2297 meis
350 2264 419 2297 Da.
492 2277 543 2297 me
559 2264 661 2297 isdem
681 2264 787 2297 CDb.
860 2277 911 2296 me
927 2264 1013 2296 hisce
1031 2263 1158 2297 Lamb.
1174 2263 1276 2305 Vulg.

300 2315 354 2352 84,
375 2313 429 2351 85,
449 2312 504 2351 86,
524 2314 579 2351 87,
598 2321 659 2343 are
677 2310 852 2353 arranged
870 2310 916 2353 by
938 2310 969 2342 R
989 2310 1023 2342 in
1041 2309 1103 2343 the
1121 2309 1305 2352 following
1322 2310 1559 2351 orden—86,
1576 2313 1630 2352 87,
1648 2313 1703 2352 84,
1721 2313 1776 2351 85.

253 2357 325 2398 He,
343 2366 546 2398 moreover,
563 2357 695 2398 assigns
713 2356 774 2390 the
794 2356 911 2389 words
929 2363 964 2389 ut
981 2356 1099 2389 videas
1123 2381 1132 2391 .
1159 2381 1168 2391 .
1195 2382 1203 2391 .
1220 2370 1340 2390 amare
1359 2361 1399 2390 to
1418 2356 1684 2400 Philematium,
1703 2356 1775 2390 and

252 2403 407 2445 changes
420 2416 494 2436 eam
514 2403 590 2436 into
607 2416 679 2436 eum
697 2403 833 2445 against
851 2403 912 2436 the
932 2403 1038 2435 MSS.

299 2453 355 2490 84.
380 2450 409 2482 si
425 2462 553 2483 summo
571 2451 647 2483 Iovi
665 2451 751 2483 vivo
767 2457 906 2494 argento
925 2448 1098 2483 BbDFZ.
1170 2451 1199 2483 si
1219 2462 1347 2483 summo
1372 2450 1444 2483 iovi
1469 2449 1507 2482 bo
1531 2456 1632 2494 agent
1648 2462 1666 2482 o
1685 2475 1693 2484 .
1712 2475 1720 2484 .
1739 2474 1748 2483 .
1768 2475 1777 2483 .

1014 2500 1041 2514 ῗΙ
1056 2500 1073 2513 ¹0
1101 2502 1115 2514 Υ

251 2521 337 2554 with
355 2532 398 2554 an
417 2532 560 2554 erasure
580 2522 643 2555 Ba.
715 2523 744 2555 si
761 2535 888 2555 summo
905 2523 976 2555 lovi
995 2547 1003 2556 .
1025 2521 1066 2566 hg
1083 2529 1220 2566 agent-o
1239 2547 1358 2556 .....
1378 2522 1444 2555 Bb.
1515 2523 1545 2555 si
1560 2534 1689 2555 summo
1705 2523 1777 2555 iovi

250 2570 322 2600 iovi
345 2575 484 2611 argento
511 2568 552 2608 C,
570 2568 686 2601 which
713 2568 740 2601 is
767 2568 968 2613 manifestly
995 2573 1156 2612 corrupt.
1227 2582 1355 2602 summo
1372 2581 1429 2613 ego
1448 2570 1524 2602 Iovi
1541 2568 1615 2601 illoc
1631 2575 1776 2612 argento

253 2615 396 2648 Camer.
412 2614 472 2656 W,
492 2614 595 2647 while
618 2614 647 2647 R
668 2615 778 2648 has—-

463 2677 601 2720 Edepol
627 2677 654 2710 si
681 2678 735 2710 vel
761 2688 903 2711 summo
931 2677 1006 2711 Iovi
1033 2689 1078 2712 eo
1103 2682 1254 2721 argento
1280 2677 1559 2711 sacruficasscm.

299 2746 354 2783 85.
403 2742 559 2774 locassem
588 2741 615 2774 is
642 2752 661 2774 a
689 2741 783 2784 conj.
812 2740 852 2774 of
877 2742 1010 2784 Guyct,
1037 2741 1195 2785 adopted
1220 2741 1266 2785 by
1295 2741 1391 2775 RW.
1442 2741 1525 2775 The
1553 2741 1658 2774 MSS.
1685 2741 1773 2774 have

252 2789 467 2822 collocassem.

302 2839 356 2875 87.
407 2836 476 2879 Que
494 2833 603 2877 (quse)
624 2834 650 2865 B
670 2834 739 2866 and
759 2845 811 2868 vv.
832 2847 888 2876 94,
912 2845 988 2874 124.

302 2886 356 2916 88.
399 2893 524 2925 ymnos,
543 2891 581 2914 so
600 2880 660 2913 the
680 2880 784 2915 MSS.
862 2881 977 2914 Varro
996 2881 1072 2915 LL.
1091 2881 1137 2915 ix.
1158 2892 1212 2924 54,
1231 2891 1265 2925 p.
1283 2892 1360 2923 494,
1380 2882 1511 2915 omneis.
