1879 3248
552 221 729 258 ACTVS
769 222 836 258 IV.
911 222 1086 259 §CENA
1126 223 1178 259 ΙΙ.
1569 222 1619 272 67

104 341 246 381 Heus!
284 343 428 394 ecquis
458 342 527 382 hic
558 348 621 382 est
654 355 891 383 maxumam
922 345 992 396 qui
1025 345 1090 384 his
1124 345 1323 383 iniuriam

103 414 275 454 Foribus
306 415 538 455 defendat?
573 417 729 470 ecquis,
759 418 899 470 ecquis
930 417 1009 457 huc
1040 418 1128 456 exit
1159 423 1283 470 atque
1314 418 1481 470 aperit?
1565 430 1621 469 40

103 487 248 528 Nemo
286 488 387 529 hinc
426 489 597 542 quidem
637 489 748 530 foras
789 491 903 533 exit:
950 497 995 530 ut
1036 504 1127 531 esse
1168 490 1342 530 addecet
1384 503 1563 543 nequam

273 562 468 602 homines
499 564 561 603 ita
592 570 715 603 sunt:

100 635 179 676 Sed
215 649 266 675 eo
302 637 436 689 magis
471 643 594 677 cauto
635 644 697 677 est
734 651 851 691 opus,
884 651 936 677 ne
973 638 1050 678 huc
1087 645 1208 678 exeat
1241 640 1311 691 qui
1351 638 1459 677 male
1496 650 1563 677 me

273 710 440 750 mulcet.

456 935 693 982 ACTVS
747 936 833 981 IV.
933 936 1175 982 §CENA
1231 937 1296 982 II.

500 1069 732 1106 TRANJO.
796 1068 918 1106 THE
927 1069 1227 1107 VROPJDES.

163 1195 240 1232 TR.
288 1193 403 1250 Qid
453 1194 533 1233 tibi
580 1195 716 1234 visum
767 1201 830 1235 est
882 1196 1186 1235 mercimonii?
1300 1197 1378 1234 TH.
1425 1195 1562 1235 Totus

269 1266 440 1319 gaudeo.

161 1342 239 1380 TR.
271 1339 392 1379 Num
424 1341 561 1380 nimio
591 1349 758 1395 emptae
790 1343 871 1382 tibi
903 1342 1130 1382 videntur?
1202 1345 1281 1382 TH.
1315 1341 1561 1395 Numquam

269 1414 416 1468 edepol
447 1427 525 1468 ego
555 1428 621 1455 me
654 1417 744 1456 scio

98 1486 267 1528 Vidisse
293 1502 491 1542 umquam
520 1490 706 1530 abiectas
735 1490 874 1544 aedes,
901 1492 985 1530 nisi
1017 1491 1142 1530 modo
1170 1491 1306 1530 hasce.
1374 1493 1451 1529 TR.
1484 1489 1561 1529 Ec-

267 1563 368 1615 quid
400 1563 601 1616 placent?

161 1638 239 1678 TH.
291 1636 451 1690 Ecquid
502 1638 712 1691 placeant,
763 1651 829 1677 me
886 1639 1038 1691 rogas?
1128 1636 1220 1677 Imo
1274 1638 1410 1677 hercle
1461 1651 1561 1677 vero

269 1711 524 1764 perplacent.

159 1786 238 1825 TR.
270 1784 550 1840 Qiusmodi
579 1785 861 1838 gunaeceum!
905 1785 1004 1837 quid
1039 1785 1280 1838 porticum?
1374 1787 1450 1824 TH.
1489 1783 1559 1824 In-

269 1871 417 1899 sanum
448 1859 616 1899 bonam.
1590 1870 1615 1912 5

95 1932 202 1973 Non
243 1933 436 1986 equidem
477 1934 605 1973 ullam
649 1935 693 1973 in
737 1934 905 1987 publico
950 1946 1040 1973 esse
1083 1935 1289 1973 maiorem
1330 1933 1407 1973 hac
1448 1934 1558 1972 exis-

266 2014 394 2047 turno.

145 2228 198 2258 39.
246 2219 362 2260 ecquis,
395 2218 499 2260 ecquis
534 2216 608 2249 FZ.
681 2217 818 2259 hccquis,
851 2218 955 2259 ecquis
988 2216 1028 2248 B.
1101 2217 1226 2258 hecquis
1259 2216 1386 2259 hecquis
1415 2215 1461 2249 D.
1535 2217 1613 2250 haec

93 2265 163 2307 quis
181 2264 259 2297 haec
277 2265 346 2307 quis
366 2263 407 2296 C.
480 2265 669 2296 maximam
687 2263 748 2296 the
768 2263 873 2296 MSS.

142 2322 198 2350 40.
247 2311 374 2353 hecquis
390 2311 494 2353 ecquis
514 2309 554 2350 Β,
573 2310 759 2352 certainly.

141 2368 196 2397 42.
248 2357 355 2390 Some
373 2356 414 2390 of
427 2357 488 2390 the
507 2356 612 2389 MSS.
630 2356 718 2389 have
736 2355 864 2397 mulcet,
884 2355 1006 2389 others
1024 2356 1149 2389 multet.

144 2517 173 2538 1.
221 2512 269 2538 est
294 2506 505 2546 mercimonii,
531 2515 571 2538 so
595 2505 657 2538 th‘e
684 2504 789 2537 MSS.
883 2511 932 2537 est
960 2505 1018 2537 hoc
1048 2505 1238 2538 mercimoni
1268 2504 1391 2548 Pylad.
1418 2504 1520 2547 Vulg.
1549 2505 1610 2538 W.

92 2554 238 2585 visumst
255 2552 444 2584 mercimoni
463 2550 535 2595 [hoc
552 2550 632 2594 esse]
655 2550 698 2583 R.

142 2610 173 2632 2.
220 2604 325 2641 empte
357 2598 399 2631 C.
563 2597 673 2640 edepol
700 2609 757 2640 ego
791 2596 940 2629 CDFZ.
1031 2596 1059 2629 B
1093 2597 1200 2630 omits
1231 2609 1299 2641 ego,
1333 2597 1402 2630 and
1437 2608 1476 2631 so
1507 2597 1610 2640 Vulg.

91 2647 167 2687 scio,
185 2655 224 2677 so
243 2644 339 2677 Pius.
411 2644 490 2676 scito
510 2643 572 2676 the
590 2643 696 2676 MSS.

144 2703 174 2733 3.
223 2703 380 2733 umquam
412 2689 474 2723 the
508 2689 613 2722 MSS.
686 2689 788 2722 Most
825 2689 918 2730 edd.‚
952 2689 1133 2730 following
1167 2688 1302 2730 Dousa,
1336 2688 1425 2722 have
1459 2701 1608 2732 usquam.

91 2739 237 2772 abiectas
257 2737 326 2770 Dc.
402 2736 547 2770 oblectas
566 2736 739 2778 BbCDZ,
754 2736 824 2769 and
841 2746 881 2769 so
900 2736 1065 2778 Scaliger.
1138 2734 1291 2768 ablactas
1311 2734 1373 2768 Ba.
1515 2736 1609 2768 aedes

91 2783 208 2828 (acc.)
238 2783 299 2817 the
330 2782 435 2816 MSS.
577 2783 714 2825 Ecquid.
765 2782 847 2815 The
882 2782 986 2816 MSS.
1018 2786 1161 2825 present
1194 2791 1214 2814 a
1247 2781 1355 2814 series
1389 2780 1430 2813 of
1459 2786 1608 2825 corrupt

92 2831 215 2865 forms.
287 2830 442 2873 Hacquid
460 2828 522 2862 Ba.
597 2829 728 2872 Aequid
743 2829 809 2863 Bb.
882 2830 972 2862 Haec
990 2829 1069 2872 quid
1084 2829 1125 2870 C,
1143 2827 1207 2861 but
1227 2828 1261 2860 D
1281 2827 1343 2861 has
1360 2828 1514 2871 Hecquid.

141 2891 172 2918 4.
222 2877 351 2919 Ecquid
357 2876 526 2920 placeant,
544 2886 583 2908 so
603 2876 743 2909 Camer.
816 2875 898 2909 The
918 2876 1021 2908 MSS.
1041 2875 1129 2908 have
1143 2874 1284 2919 placent.

142 2936 172 2965 5.
216 2935 388 2967 gyneceum
409 2923 449 2955 B.

813 2997 884 3026 ΚΖ
