1879 3248
543 275 723 313 ACTVS
763 275 813 312 ΙΙ.
887 274 1063 312 SCENA
1103 274 1132 312 Ι.
1548 285 1598 327 31

131 401 266 441 PHIL.
308 397 360 438 Ei
393 398 516 452 mihi,
541 410 683 452 quam,
716 399 850 438 istaec
881 397 1036 438 blanda
1065 396 1181 437 dicta
1217 409 1301 450 quo
1331 398 1549 450 eveniant,

248 473 399 513 madeo
429 472 570 512 metu!

137 549 218 588 TR.
250 546 409 600 Potin'‚
440 547 587 586 animo
618 551 664 586 ut
695 547 780 586 sies
810 547 957 599 quieto
988 552 1031 585 et
1062 545 1212 598 facias,
1243 544 1353 597 quod
1386 544 1547 584 iubeo?

248 623 384 662 PHJL.
427 620 583 662 Potest.

139 697 218 735 TR.
260 694 470 734 Omnium
511 696 695 749 primum
736 694 1058 749 Philematium,
1101 695 1218 734 intro
1270 694 1354 747 abi,
1395 699 1438 733 et
1489 700 1550 747 tu,

250 769 495 823 Delphium.
1553 778 1608 821 50

135 843 222 881 DE.
262 841 504 896 Morigerae
535 842 618 882 tibi
651 843 808 882 erimus
849 843 1010 884 ambae.
1118 844 1196 882 TR.
1239 840 1306 881 Ita
1338 841 1411 880 ille
1442 840 1550 880 faxit

163 910 168 913 ’
252 915 465 970 Iuppiter!

81 989 287 1030 Animum
317 990 490 1030 advorte
521 1004 633 1031 nunc
665 997 710 1030 tu
746 992 848 1044 iam,
880 1003 985 1043 quae
1020 989 1117 1029 volo
1149 991 1396 1029 accurarier.

81 1062 293 1103 Omnium
325 1063 610 1117 primumdum
642 1064 767 1104 aedes
801 1065 887 1103 iam
919 1063 1010 1104 face
1043 1063 1235 1103 occlusae
1269 1063 1397 1102 sient.

79 1135 202 1177 Intus
233 1150 332 1177 cave
365 1138 540 1177 muttire
572 1150 823 1190 quemquam
854 1138 1018 1177 siveris.
1113 1139 1250 1176 PHIL.
1291 1135 1534 1176 Curabitur.

143 1213 224 1251 TR.
256 1211 493 1264 Tamquam
530 1212 566 1251 si
606 1212 722 1251 intus
759 1217 883 1250 natus
917 1223 1045 1251 nemo
1082 1210 1128 1249 in
1163 1209 1338 1249 aedibus
1371 1209 1550 1251 habitet.

255 1287 390 1324 PHIL.
432 1284 569 1324 Licet.
1554 1294 1609 1337 55

143 1359 221 1398 TR.
263 1357 365 1397 Neu
405 1359 627 1411 quisquam
665 1365 897 1412 responset,
929 1357 1098 1411 quando
1138 1358 1261 1397 hasce
1302 1356 1420 1396 aedis
1463 1357 1552 1411 pul-

257 1431 368 1471 tabit
401 1445 543 1471 senex.

139 1505 275 1543 PHIL.
308 1503 531 1556 Numquid
553 1503 700 1544 aliud?
788 1506 864 1544 TR.
886 1502 1068 1544 Clavem
1091 1504 1149 1542 mi
1177 1503 1358 1542 harunce
1383 1502 1552 1542 aedium

255 1577 514 1617 Laconicam

84 1649 175 1690 Iam
218 1651 312 1690 iube
358 1651 499 1691 efferri
542 1652 683 1691 intus:
735 1651 860 1691 hasce
909 1663 986 1704 ego
1030 1650 1148 1690 aedis
1196 1650 1414 1690 occludam
1454 1650 1555 1689 hinc

257 1725 375 1764 foris.

142 1801 277 1839 PHIL.
318 1797 369 1838 In
412 1810 528 1839 tuam
568 1798 806 1839 custodiam
848 1811 996 1852 meque
1038 1805 1080 1838 et
1123 1812 1218 1853 spes
1259 1812 1374 1838 meas
1415 1798 1554 1853 trado,

259 1872 436 1913 Tranio.

136 2036 193 2074 48.
241 2034 287 2066 Ei
309 2033 423 2067 BCD.
497 2035 560 2067 Hei
579 2034 653 2067 FZ.
796 2046 896 2077 quam
922 2035 1035 2075 istaec,
1061 2044 1101 2067 so
1128 2033 1272 2066 Camer.
1345 2045 1439 2076 quom
1465 2034 1532 2066 ista
1558 2034 1615 2066 hec

88 2078 190 2113 BaD.
261 2093 356 2124 quom
380 2082 448 2114 ista
468 2106 475 2114 .
492 2094 526 2113 ec
552 2080 618 2114 Bb.
691 2082 855 2123 quomista
880 2081 960 2113 haec
988 2081 1029 2113 C.
1106 2081 1289 2113 commixta
1318 2079 1358 2113 F.
1437 2081 1613 2113 commista

87 2126 143 2159 hec
162 2126 204 2160 Z.
344 2129 513 2169 eveniant,
532 2138 571 2159 so
589 2127 651 2160 the
669 2127 775 2159 MSS.
847 2134 995 2160 evenant
1015 2126 1122 2159 Both.
1145 2126 1188 2160 R.

137 2185 192 2214 49.
240 2174 352 2206 animo
373 2180 409 2206 ut
427 2176 500 2217 sies,
521 2184 561 2207 so
584 2174 727 2207 Camer.
777 2173 860 2207 The
880 2173 984 2206 MSS.
1003 2173 1091 2206 have
1108 2175 1222 2207 animo
1239 2180 1275 2206 ut
1291 2173 1423 2206 sis—ut
1439 2174 1551 2206 animo
1568 2173 1613 2205 sis

87 2218 194 2253 Both.
213 2219 343 2253 Herm.
364 2219 408 2254 R.
539 2221 657 2263 fatias
678 2220 718 2262 B,
737 2231 768 2254 v.
788 2224 843 2254 80.
905 2220 1043 2263 fatiam
1063 2220 1126 2254 Ba.

137 2277 192 2307 50.
241 2266 320 2299 habi
342 2267 389 2300 D.

137 2323 193 2353 51.
242 2313 417 2357 Morigera
433 2320 465 2346 et
481 2313 527 2347 ibi
544 2313 680 2347 BaCD.

139 2369 194 2399 52.
241 2359 396 2401 advorte,
421 2371 460 2393 so
485 2360 547 2393 the
574 2360 679 2393 MSS.
756 2360 931 2393 advos-tito
957 2359 1019 2393 W.
1162 2366 1198 2393 tu
1222 2361 1293 2393 iam
1320 2359 1430 2392 BFZ.
1504 2358 1613 2392 tulam

90 2404 172 2439 CD.
242 2406 312 2438 iam
330 2413 366 2439 tu
384 2406 489 2440 Both.
510 2406 553 2440 R.
695 2419 754 2450 que
772 2407 813 2448 C,
832 2407 901 2440 and
921 2407 954 2439 in
973 2417 1004 2439 v.
1023 2408 1065 2447 65
1087 2405 1161 2439 BC.
1303 2406 1504 2439 adcurarier
1519 2405 1561 2438 Z.

139 2462 194 2493 53.
245 2451 277 2484 R
295 2452 423 2486 inserts
439 2453 518 2486 haec
535 2452 660 2486 before
677 2454 784 2486 aedes.
928 2453 956 2486 B
982 2463 1132 2496 appears
1156 2457 1196 2486 to
1222 2452 1310 2486 have
1333 2452 1401 2485 had
1416 2451 1612 2494 face—the

91 2498 366 2585 re⁵5t4fas3nutire
382 2544 443 2578 the
462 2545 568 2579 MSS.

141 2601 196 2632 55.
244 2592 274 2623 si
304 2592 392 2624 intus
427 2591 528 2634 Vulg.
609 2593 731 2625 stintus
766 2592 901 2626 BaCD.
1060 2599 1158 2626 natus
1193 2604 1295 2633 nemo,
1329 2602 1369 2624 so
1402 2591 1611 2634 apparently

91 2636 231 2716 ἓὲίνεῗὲῗ
265 2637 371 2670 MSS.
455 2650 546 2671 nemo
578 2646 677 2671 natus
712 2639 815 2681 Vulg.
972 2639 1082 2672 edibus
1118 2639 1157 2681 B,
1192 2638 1261 2672 and
1293 2639 1401 2671 edium
1436 2649 1466 2672 v.
1498 2649 1539 2679 57
1578 2638 1611 2670 in

141 2731 196 2770 56.
238 2729 374 2772 putabit
391 2729 492 2770 BaD,
511 2741 555 2763 an
573 2730 722 2764 obvious
740 2730 905 2765 blunder.

141 2785 196 2816 57.
244 2776 389 2808 harunce
419 2776 561 2816 aedium,
594 2787 634 2809 so
668 2777 812 2811 Camer.
884 2779 1133 2812 harumcedium
1165 2777 1226 2811 Ba.
1299 2776 1536 2810 haruncedium
1567 2776 1615 2808 D.

92 2822 181 2854 hard
200 2821 304 2875 ‘cedia
337 2822 379 2855 C.
454 2822 582 2856 harunc
613 2824 744 2856 aedium
780 2824 824 2858 R.
976 2824 1159 2858 laconicam
1195 2824 1236 2857 B.
1318 2824 1502 2856 iaconicam
1534 2822 1617 2855 CD.

94 2868 429 2955 nuZZfanclusZtodiam
454 2927 562 2958 meque
585 2922 616 2948 et
639 2924 709 2960 spes
735 2929 836 2958 meas,
862 2927 902 2950 so
924 2917 987 2950 the
1006 2916 1112 2951 MSS.
1185 2916 1367 2948 custodiam
1395 2927 1446 2947 me
1470 2921 1500 2946 et
1527 2925 1618 2947 meas

94 2968 164 3004 spes
182 2960 304 3003 Pylad.
324 2960 384 2994 W.
457 2961 654 2995 custodelam
672 2975 781 3005 meque
797 2970 828 2996 et
846 2971 914 3007 spes
934 2976 1023 2997 meas
1044 2963 1150 2996 Both.
1173 2962 1215 2995 R.
