1879 3248
255 183 312 233 46
696 184 898 223 PLAVTI
938 184 1343 224 MOSTELLARIA.

256 305 385 347 Obici
417 312 637 360 argentum
667 308 722 347 ob
752 320 799 347 os
832 308 1020 361 impurae
1051 307 1213 347 beluae.

318 383 397 420 ΤΗ.
430 380 630 422 Iubeam?
724 384 804 422 TR.
835 381 936 421 Iube
968 382 1133 422 homini
1165 388 1340 434 argento
1371 394 1418 422 os
1450 382 1723 422 verberarier.

312 457 402 497 DA.
436 453 643 495 Perfacile
674 467 752 508 ego
782 455 891 495 ictus
922 456 1134 509 perpetior
1165 466 1402 508 argenteos.

318 531 396 568 ΤΗ.
433 528 559 584 Qod
601 528 705 568 illud
745 535 967 581 argentum
1008 529 1105 569 est?
1199 531 1279 569 TR.
1325 527 1558 570 Est—huic
1598 529 1723 570 debet

429 601 695 641 Philolaches
1727 616 1782 657 90

255 676 440 717 Paulum.
506 678 586 717 ΤΗ.
620 675 919 728 Qantillum?
984 678 1064 716 TR.
1095 675 1232 730 Qasi
1263 675 1541 729 quadraginta
1571 678 1723 718 minas.

312 753 403 790 DA.
435 749 508 790 Ne
536 763 638 790 sane
668 749 712 789 id
741 749 919 790 multum
949 762 1148 802 censea53
1179 749 1349 803 paulum
1379 750 1423 790 id
1447 750 1618 804 quidem
1645 758 1723 792 est.

318 827 396 865 TR.
434 825 612 865 Audin?
652 824 838 878 videtur,
869 836 1042 878 opsecro
1072 824 1227 877 hercle,
1260 824 1453 878 idoneus,

255 899 440 940 Danista
469 899 540 952 qui
573 899 648 952 sit,
678 911 811 952 genus
840 898 951 952 quod
984 899 1357 952 improbissumum
1388 899 1484 939 est?

316 976 395 1014 ΤΗ.
432 972 538 1013 Non
570 985 647 1026 ego
677 974 833 1028 [nunc]
866 973 975 1013 istuc
1005 985 1119 1026 curo,
1149 972 1220 1026 qui
1251 973 1324 1026 sit,
1355 971 1466 1012 unde
1497 973 1579 1012 sit:
1724 985 1779 1029 95

254 1047 301 1087 Id
331 1047 430 1087 volo
462 1047 568 1087 mihi
601 1046 704 1100 dici,
736 1046 779 1086 id
810 1060 878 1087 me
908 1047 1016 1087 scire
1047 1052 1222 1100 expeto:

254 1120 374 1160 Adeo
405 1120 538 1161 etiam
568 1121 735 1174 argenti
767 1119 917 1160 faenus
947 1119 1158 1161 creditum
1188 1119 1329 1160 audio.

256 1247 315 1282 for
332 1246 449 1281 which
467 1257 521 1281 we
541 1246 613 1280 find
631 1246 666 1280 in
687 1246 764 1280 F—

538 1319 545 1327 .
597 1319 605 1327 .
656 1319 664 1328 .
713 1293 835 1327 hercle
861 1293 943 1327 iube
973 1296 986 1335 11
1017 1293 1134 1328 Obiici
1159 1298 1360 1336 argentum.

255 1340 325 1375 and
344 1351 384 1374 so
400 1340 503 1384 Vulg.
553 1340 603 1373 W
622 1339 731 1374 has—

658 1413 666 1421 .
716 1387 798 1421 iube
824 1387 932 1421 obiici
962 1389 975 1429 Η
1005 1388 1220 1430 Argentum,

258 1434 289 1468 R
309 1434 420 1468 has—
655 1506 664 1515 .
713 1479 846 1523 hercle,
871 1485 909 1514 te
934 1480 1028 1514 obici
1060 1483 1072 1522 ΙΙ
1104 1480 1194 1514 Iube
1219 1480 1301 1514 huic
1327 1485 1528 1523 argentum.

256 1528 400 1562 Gamer'
418 1538 564 1572 conj⁸—
656 1599 665 1608 .
714 1573 836 1608 hercle
860 1577 898 1608 te
923 1573 1006 1607 iube
1036 1575 1049 1615 ΙΙ
1080 1573 1185 1607 Obici
1211 1578 1400 1616 argentum
1426 1573 1521 1608 huic.

303 1640 358 1678 87.
407 1637 446 1670 ob
463 1650 496 1670 os
515 1638 667 1681 impurae
683 1635 962 1670 beluae—obosim
972 1644 1082 1681 purae
1098 1635 1210 1669 beluae
1228 1635 1269 1670 B.
1334 1636 1407 1669 obos
1424 1638 1558 1681 impura
1574 1636 1679 1670 ebeluc
1697 1636 1779 1672 CD.

253 1685 327 1718 huic
344 1684 382 1717 ob
399 1697 432 1718 os
451 1685 596 1718 Camer.
611 1683 714 1726 Vulg.

304 1734 359 1765 88.
409 1732 572 1764 Iubeam?
644 1731 720 1764 TR.
752 1729 828 1764 Iube
855 1731 990 1772 homini,
1020 1740 1060 1763 so
1090 1729 1213 1774 Pylad.
1242 1728 1336 1762 from
1370 1729 1424 1763 his
1454 1729 1559 1764 MSS.
1586 1730 1690 1773 Vulg.
1716 1731 1780 1765 W.

255 1778 402 1812 Iubeam.
474 1778 550 1811 TR.
579 1777 656 1811 Iube
683 1779 718 1811 in
744 1778 873 1810 homine
900 1776 951 1810 Ba
981 1775 1094 1821 (iuben
1120 1777 1245 1809 homini
1272 1775 1359 1821 Bb).
1433 1776 1567 1810 Iubeam
1583 1780 1598 1810 ,ἕ
1644 1777 1722 1811 Iube
1744 1779 1780 1811 in

253 1825 379 1858 homini
403 1825 506 1859 CDa.
582 1824 613 1857 R
639 1824 702 1858 has
727 1824 818 1869 Quid
837 1824 995 1857 iubeam?
1066 1823 1142 1857 TR.
1172 1824 1258 1856 Huic
1284 1824 1409 1856 homini
1434 1831 1573 1867 argento
1600 1836 1633 1857 os
1659 1824 1779 1858 verbe-

255 1873 378 1905 rarier.
529 1879 669 1916 argento
701 1884 745 1913 os,
775 1881 816 1904 so
844 1871 939 1904 Pius.
1011 1878 1186 1915 argentoos
1216 1870 1258 1904 B.
1335 1878 1507 1915 argenteos
1540 1870 1603 1904 the
1636 1875 1711 1905 rest
1740 1870 1784 1905 of

254 1918 451 2007 thgovs}
482 1965 637 2007 changes
666 1964 728 1998 the
758 1964 928 2008 ordinary
952 1967 1205 2006 arrangement
1235 1962 1276 1997 of
1301 1963 1363 1997 the
1390 1963 1479 1997 lines
1504 1963 1598 1997 after
1626 1967 1681 2006 89,
1707 1963 1778 1998 and

252 2011 371 2055 places
396 2011 498 2045 them
522 2022 559 2045 as
585 2011 723 2044 follows
735 2022 849 2053 :—93‚
877 2023 932 2052 94,
960 2022 1016 2053 95,
1041 2012 1096 2052 96,
1121 2022 1177 2051 90,
1202 2021 1257 2051 91,
1283 2021 1339 2051 92,
1364 2021 1419 2052 97,
1445 2013 1500 2052 98,
1524 2014 1599 2052 118,
1624 2022 1698 2052 119,
1721 2023 1777 2052 99.

251 2066 429 2102 argentum
446 2065 506 2091 est.
579 2058 655 2092 TR.
681 2058 747 2090 Est
763 2058 837 2090 huic
859 2057 974 2090 BCD.
1023 2056 1106 2090 The
1125 2056 1229 2098 Vulg.
1251 2057 1358 2090 omits
1383 2057 1445 2090 the
1471 2056 1606 2090 second
1624 2064 1684 2099 est,
1705 2057 1777 2090 and

253 2115 293 2138 so
314 2105 410 2146 RW,
428 2105 490 2138 the
508 2104 645 2137 former
662 2104 803 2146 inmiting
819 2104 920 2146 huice,
938 2104 1000 2137 the
1018 2103 1126 2137 latter
1142 2103 1240 2136 huiic.

301 2163 357 2193 91.
406 2151 585 2184 Paululum
605 2150 645 2184 B.

301 2209 357 2239 9²·
399 2198 542 2242 paulum
563 2197 600 2230 id
614 2197 742 2241 quidem
762 2203 822 2230 est.
872 2196 973 2229 BCD
992 2196 1070 2238 give
1088 2195 1157 2229 this
1175 2201 1214 2229 to
1232 2196 1384 2230 Tranio.
1434 2196 1579 2230 Camer.
1601 2196 1706 2240 Vulg.
1726 2197 1775 2230 W

251 2245 365 2287 assign
383 2245 446 2278 the
464 2244 579 2277 whole
598 2254 699 2277 verse
717 2248 756 2276 to
772 2243 835 2276 the
854 2243 1017 2276 Danista.
1069 2242 1100 2275 R
1119 2242 1228 2276 has-

345 2309 403 2342 Th.
438 2308 588 2341 Paulum
614 2307 649 2340 id
676 2307 823 2351 quidem
848 2308 929 2341 est?
1002 2308 1056 2340 Tr.
1091 2305 1147 2339 Ne
1173 2317 1257 2340 sane
1283 2306 1319 2340 id
1344 2307 1497 2340 multum
1521 2317 1681 2341 censeas,

297 2383 316 2413 9
323 2383 353 2413 3.
404 2372 517 2404 Audin
550 2371 688 2404 videtur
721 2370 855 2404 BCDF
861 2370 890 2404 Z
933 2369 1047 2414 (Audi
1081 2370 1256 2404 invidetur
1289 2370 1351 2415 C).
1450 2371 1565 2404 Audin
1599 2371 1776 2405 videturne

250 2418 394 2452 Camer.
415 2418 517 2460 Vulg.
539 2418 635 2452 RW.

296 2477 353 2507 94.
401 2467 456 2508 qui
471 2466 516 2498 sit
536 2465 610 2498 ΕΖ.
675 2464 755 2508 quid
769 2466 814 2498 sit
835 2463 950 2498 BCD.
1076 2463 1368 2509 improbissumum
1387 2463 1428 2498 Β.
1493 2464 1774 2509 improbissimum

247 2511 456 2601 chSIZeStetqo
493 2556 621 2602 [nunc],
654 2567 694 2590 so
730 2557 775 2591 R.
870 2570 954 2591 nunc
988 2557 1016 2590 is
1049 2557 1202 2591 omitted
1237 2557 1272 2590 in
1302 2556 1364 2591 the
1398 2556 1505 2591 MSS.
1600 2570 1684 2591 nunc
1715 2570 1774 2602 ego

249 2604 356 2693 Begg:
375 2605 444 2684 uIsd
474 2650 550 2684 volo
584 2651 666 2683 mihi
699 2651 763 2683 dici
803 2650 865 2684 the
908 2650 1014 2684 MSS.
1047 2649 1118 2684 and
1152 2649 1267 2692 Vulg.‚
1301 2654 1432 2694 except
1472 2649 1551 2684 that
1592 2650 1622 2683 C
1664 2650 1773 2683 omits

244 2699 338 2732 mihi.
413 2697 462 2729 W
492 2697 553 2731 has
587 2697 678 2730 Illud
703 2697 779 2730 volo
811 2698 877 2731 dici
908 2698 1002 2731 mihi.
1077 2696 1109 2729 R
1140 2697 1302 2730 rewrites
1335 2697 1398 2730 the
1432 2697 1514 2739 line,
1545 2696 1587 2729 Id
1613 2696 1690 2730 volo
1723 2698 1771 2730 mi

244 2745 492 2833 aczuxmsllizle
508 2800 624 2824 seems
641 2794 680 2824 to
697 2789 744 2823 be
761 2790 822 2823 the
841 2789 987 2833 reading
1007 2789 1050 2823 of
1066 2790 1181 2824 BCl).
1250 2790 1304 2823 Ab
1319 2803 1354 2823 eo
1374 2789 1502 2823 FZW.
1636 2791 1771 2833 argenti

232 2838 355 2880 foenus
380 2838 541 2871 creditum
570 2837 644 2870 FZ.
716 2838 850 2880 argenti
864 2837 968 2879 finus
995 2838 1099 2870 credit
1125 2836 1239 2879 BCD,
1264 2836 1348 2870 with
1375 2847 1395 2870 a
1420 2836 1520 2870 small
1546 2846 1652 2880 space
1677 2835 1772 2870 after

242 2885 346 2918 credit
368 2886 402 2917 in
421 2884 462 2917 B.
525 2884 653 2926 faenus
675 2883 835 2916 creditum
853 2885 987 2927 argenti
1010 2883 1054 2918 R.
