1879 3248
525 185 700 223 ACTVS
739 186 786 222 V.
861 185 1037 223 SCENA
1075 186 1149 224 III.
1545 186 1598 238 85

145 310 222 346 TH.
265 305 371 345 Non
411 305 525 344 enirn
567 305 675 343 ibis:
717 317 793 356 ego
833 304 966 343 ferare
1007 303 1118 357 faxo,
1154 311 1199 344 ut
1241 306 1450 358 meruisti,
1492 308 1537 344 in

253 391 430 419 crucem.

141 456 221 494 CA.
255 453 343 505 Age
375 452 501 491 mitte
533 453 615 491 ista
645 465 692 492 ac
725 453 788 491 ito
818 451 868 490 ad
900 464 967 490 me
998 451 1049 491 ad
1080 464 1241 491 cenam.
1331 454 1410 492 ΤΕ.
1453 451 1536 491 Dic

251 532 489 579 venturum,
519 526 619 578 quid
650 526 796 566 taces?

139 603 218 641 CA.
249 600 327 641 Sed
358 607 404 640 tu
434 601 544 640 istuc
571 599 671 652 quid
700 599 928 652 confugisti
960 600 1006 638 in
1039 612 1155 639 aram
1190 600 1536 640 inscitissumus?

141 677 218 715 TR.
270 674 518 714 Adveniens
575 674 799 727 perterruit
850 672 1207 725 me.—Loquere
1258 686 1385 726 nunc,
1434 673 1534 725 quid

248 748 435 788 fecerim.
1542 758 1591 799 15

77 821 208 862 Nunc
239 823 425 875 utrisque
456 822 727 875 disceptator,
759 834 919 874 eccum,
951 820 1095 860 adest:
1136 833 1226 873 age,
1259 820 1438 874 disputa.

138 899 217 936 ΤΗ.
264 896 423 936 Filium
471 897 701 949 corrupisse
749 895 817 934 aio
867 901 910 934 te
962 908 1115 934 meum.
1211 898 1289 936 TR.
1332 895 1534 935 Ausculta

246 970 382 1010 modo.

73 1044 224 1084 Fateor
256 1045 523 1098 peccavisse3
565 1044 746 1082 amicam
778 1043 1005 1094 liberasse3
1045 1049 1221 1095 apsente
1255 1049 1298 1082 te

72 1117 248 1156 Faenori
282 1127 502 1170 argentum
527 1117 784 1170 sumpsisse3
826 1116 868 1155 id
902 1129 992 1156 esse
1025 1122 1291 1169 apsumptum
1322 1116 1528 1169 praedicO.

72 1190 294 1244 Numquid
344 1191 460 1230 aliud
503 1190 623 1244 fecit,
671 1191 756 1230 nisi
799 1190 908 1243 quod
949 1190 1146 1230 ÷÷faciunt
1187 1191 1364 1229 summis
1409 1191 1526 1243 gnati

240 1264 495 1317 generibus?
1534 1277 1587 1306 20

132 1340 211 1377 TH.
250 1337 407 1378 Hercle
449 1339 555 1377 mihi
593 1344 734 1378 tecum
774 1337 1010 1377 cavendum
1052 1344 1144 1377 est:
1201 1337 1333 1377 nimis
1375 1339 1446 1390 qui
1484 1351 1529 1377 es

237 1418 375 1452 orator
405 1419 536 1453 catus,

119 1621 172 1651 ¹3-
221 1609 312 1642 This
329 1610 399 1643 line
420 1619 568 1653 appears
585 1610 667 1643 thus
687 1610 720 1643 in
740 1609 817 1642 B—

114 1693 175 1726 Ca.
202 1693 278 1735 Age
296 1693 400 1726 mitte
419 1693 484 1726 ista
501 1671 583 1726 ac¹to
600 1693 644 1727 ad
661 1702 720 1726 ine
738 1692 782 1726 ad
800 1703 939 1727 cenam.
1010 1695 1065 1726 Tr.
1094 1692 1163 1726 Dic
1182 1672 1393 1738 ventiiuquid
1411 1698 1509 1728 taces
1524 1695 1536 1728 ?

66 1761 170 1794 while
201 1762 235 1794 in
267 1761 335 1794 CD
366 1771 420 1794 we
450 1760 539 1794 have
565 1761 632 1793 ista
659 1767 743 1801 acto,
771 1771 791 1794 a
820 1760 927 1793 blank
955 1760 1048 1794 after
1077 1773 1202 1803 cenam,
1232 1761 1399 1794 followed
1433 1762 1479 1805 by
1509 1766 1582 1795 two

65 1807 277 1841 contracted
295 1807 424 1849 words,
442 1807 557 1841 which
583 1807 671 1840 have
697 1807 789 1840 been
816 1807 1045 1851 decyphered
1069 1808 1225 1841 dicuntur
1251 1809 1394 1852 nmquid.
1448 1809 1487 1841 ln
1518 1808 1579 1841 ΡΖ

64 1865 118 1888 we
140 1854 276 1888 have—

205 1920 261 1951 Tr.
287 1918 363 1960 Age
382 1918 484 1951 mitte
502 1918 568 1951 ista
585 1917 653 1968 hec
671 1922 708 1951 et
725 1928 783 1951 me
801 1917 846 1950 ad
866 1921 980 1951 coena
998 1917 1055 1951 dic
1074 1918 1170 1952 iturfi
1189 1944 1197 1952 .
1215 1918 1301 1962 quid
1319 1920 1441 1953 taces?

64 1981 134 2015 and
151 1991 191 2015 so
209 1981 271 2016 W.
345 1982 487 2015 Camer.
506 1981 577 2015 and
597 1981 626 2013 V
630 1981 699 2023 ulg.
718 1981 854 2014 have—-

204 2046 264 2080 Ca.
290 2046 367 2088 Age
385 2046 488 2125 ῐῐὲίῖῖθ
507 2045 572 2078 ista
590 2049 626 2078 et
644 2046 695 2078 ito
713 2045 757 2078 ad
776 2056 833 2078 me
851 2045 895 2079 ad
914 2055 1077 2079 coenam.
1128 2048 1182 2079 Tr.
1209 2046 1279 2079 Dic
1298 2051 1488 2079 venturum

344 2093 404 2136 qui
447 2095 571 2126 taces?

62 2153 166 2188 while
187 2154 218 2187 R
236 2154 379 2197 gives—

203 2216 264 2250 Ca.
298 2217 375 2258 Age
408 2217 512 2250 mitte
547 2217 679 2250 istaec:
714 2221 751 2250 te
785 2217 831 2250 ad
865 2227 922 2251 me
955 2217 1001 2251 ad
1034 2227 1161 2251 cenam
1195 2217 1252 2251 dic
1287 2222 1489 2251 venturum.

344 2265 399 2297 Tr.
426 2263 523 2307 Qid
540 2266 663 2297 taces?

64 2324 98 2357 It
122 2325 193 2404 lxlvill
219 2325 280 2404 beh
293 2325 469 2359 observed
494 2326 572 2360 that
600 2327 628 2360 B
659 2327 721 2361 has
746 2340 870 2370 cenam,
897 2327 967 2361 and
991 2327 1061 2361 this
1087 2338 1235 2371 appears
1259 2333 1298 2361 to
1324 2327 1369 2361 be
1395 2328 1456 2361 the
1482 2329 1580 2362 usual

62 2375 120 2404 ort
147 2381 256 2414 ograp
283 2383 317 2415 y.

114 2429 166 2458 14,
213 2430 314 2451 aram
339 2419 414 2451 hinc
434 2418 478 2452 R.
549 2432 651 2453 aram
677 2420 762 2453 hanc
780 2420 914 2464 Pylad„
932 2420 997 2453 but
1022 2421 1083 2454 the
1110 2421 1216 2455 MSS.
1234 2421 1322 2454 have
1345 2421 1487 2454 neither
1503 2423 1578 2455 hinc

62 2473 130 2496 nor
146 2463 244 2497 hanc.
384 2466 614 2498 inuitissimus
632 2466 687 2499 all.

113 2513 165 2543 18.
206 2512 410 2553 peccavisse,
436 2521 475 2543 so
501 2511 562 2544 the
591 2512 698 2545 MSS.
763 2513 939 2555 pota-visse
965 2513 1101 2546 Acidal.
1131 2513 1175 2546 R.
1316 2513 1450 2547 absente
1478 2520 1509 2547 te
1537 2514 1578 2548 B.

63 2555 145 2589 The
163 2561 236 2589 rest
253 2556 294 2589 of
306 2556 368 2589 the
387 2556 491 2590 MSS.
510 2558 598 2590 omit
615 2564 657 2591 te.

113 2614 164 2644 19.
208 2603 339 2646 predico
358 2603 399 2637 B.

111 2660 165 2682 20.
202 2649 292 2690 ficit
318 2649 359 2683 Β.
420 2649 493 2691 fici
521 2650 602 2683 CD.
744 2652 808 2683 nisi
833 2651 918 2694 quod
927 2651 1065 2693 fatiunt
1083 2650 1124 2684 B.
1197 2652 1260 2684 nisi
1289 2651 1374 2694 quod
1393 2651 1467 2693 fici
1495 2652 1577 2686 CD.

50 2695 191 2737 faciunt
224 2696 252 2727 is
284 2695 481 2729 bracketed
515 2695 562 2739 by
589 2696 651 2738 W,
685 2696 754 2730 and
788 2697 941 2730 omitted
974 2697 1021 2741 by
1057 2697 1101 2730 R.
1191 2697 1297 2731 Both.
1331 2698 1439 2730 omits
1472 2698 1577 2731 aliud.

59 2742 198 2774 summis
218 2741 317 2775 BbF.
388 2754 461 2775 sum
481 2742 543 2776 Ba.
615 2745 738 2776 summi
757 2744 873 2778 CDZ.
1014 2744 1116 2787 gnati
1133 2753 1172 2776 so
1191 2743 1232 2776 B.

111 2799 164 2821 21.
214 2787 341 2829 Hercle,
359 2798 399 2821 so
414 2788 508 2822 Pius.
580 2789 676 2822 Erile
692 2789 807 2823 BCD.
880 2790 993 2824 Herile
1013 2791 1087 2823 FZ.
1230 2791 1285 2832 qui
1308 2802 1339 2822 es
1352 2803 1362 2831 ,·
1387 2789 1449 2822 the
1471 2789 1577 2823 MSS.

60 2833 149 2913 Q'mle
166 2836 248 2912 ᾳξιξῗτ.
324 2834 367 2876 R,
386 2834 565 2877 following
583 2835 714 2878 Gifan.,
733 2836 845 2879 prints
862 2837 956 2880 qui’s.
1031 2838 1173 2870 Camer.
1192 2836 1253 2869 has
1271 2849 1369 2879 quam
1386 2849 1430 2878 es,
1449 2836 1519 2869 and
1537 2847 1576 2870 so

95 2891 115 2913 u
131 2892 163 2922 g.
234 2906 242 2914 .
