<?xml version="1.0" encoding="UTF-8"?>
<!DOCTYPE html PUBLIC "-//W3C//DTD XHTML 1.0 Transitional//EN"
    "http://www.w3.org/TR/xhtml1/DTD/xhtml1-transitional.dtd">
<html xmlns="http://www.w3.org/1999/xhtml" xml:lang="en" lang="en">
 <head>
  <title>
</title>
<meta http-equiv="Content-Type" content="text/html;charset=utf-8" />
  <meta name='ocr-system' content='tesseract 3.04.00' />
  <meta name='ocr-capabilities' content='ocr_page ocr_carea ocr_par ocr_line ocrx_word'/>
</head>
<body>
  <div class='ocr_page' id='page_1' title='image "./mostellaria1869plauuoft_0186.png"; bbox 0 0 1879 3248; ppageno 0'>
   <div class='ocr_carea' id='block_1_1' title="bbox 175 184 1261 233">
    <p class='ocr_par' dir='ltr' id='par_1_1' title="bbox 175 184 1261 233">
     <span class='ocr_line' id='line_1_1' title="bbox 175 184 1261 233; baseline -0.01 0"><span class='ocrx_word' id='word_1_1' title='bbox 175 203 227 233; x_wconf 82' lang='lat'><strong>22</strong></span> <span class='ocrx_word' id='word_1_2' title='bbox 612 186 813 226; x_wconf 87' lang='lat' dir='ltr'><strong>PLAVTI</strong></span> <span class='ocrx_word' id='word_1_3' title='bbox 853 184 1261 225; x_wconf 89' lang='lat' dir='ltr'>MOSTELLARIA.</span> 
     </span>
    </p>
   </div>
   <div class='ocr_carea' id='block_1_2' title="bbox 175 308 1715 1776">
    <p class='ocr_par' dir='ltr' id='par_1_2' title="bbox 175 308 1715 1776">
     <span class='ocr_line' id='line_1_2' title="bbox 175 308 1615 370; baseline -0.007 -12"><span class='ocrx_word' id='word_1_4' title='bbox 175 316 296 358; x_wconf 89' lang='lat' dir='ltr'><strong>Nam</strong></span> <span class='ocrx_word' id='word_1_5' title='bbox 327 316 362 357; x_wconf 86' lang='lat' dir='ltr'><strong>si</strong></span> <span class='ocrx_word' id='word_1_6' title='bbox 395 314 536 370; x_wconf 86' lang='lat' dir='ltr'><strong>pulcra</strong></span> <span class='ocrx_word' id='word_1_7' title='bbox 568 319 647 367; x_wconf 81' lang='lat' dir='ltr'><strong>est,</strong></span> <span class='ocrx_word' id='word_1_8' title='bbox 680 313 812 353; x_wconf 86' lang='lat' dir='ltr'><strong>nimis</strong></span> <span class='ocrx_word' id='word_1_9' title='bbox 842 316 993 352; x_wconf 80' lang='lat' dir='ltr'><strong>ornata</strong></span> <span class='ocrx_word' id='word_1_10' title='bbox 1022 318 1101 353; x_wconf 86' lang='lat' dir='ltr'><strong>est.</strong></span> <span class='ocrx_word' id='word_1_11' title='bbox 1192 313 1329 352; x_wconf 82' lang='lat' dir='ltr'>PHJL.</span> <span class='ocrx_word' id='word_1_12' title='bbox 1362 308 1513 349; x_wconf 88' lang='lat' dir='ltr'><strong>Nimis</strong></span> <span class='ocrx_word' id='word_1_13' title='bbox 1543 309 1615 349; x_wconf 84' lang='lat' dir='ltr'><strong>diu</strong></span> 
     </span>
     <span class='ocr_line' id='line_1_3' title="bbox 348 390 763 444; baseline -0.007 -14"><span class='ocrx_word' id='word_1_14' title='bbox 348 390 545 444; x_wconf 83' lang='lat' dir='ltr'><strong>apstineo</strong></span> <span class='ocrx_word' id='word_1_15' title='bbox 575 400 763 428; x_wconf 84' lang='lat' dir='ltr'><strong>manum.</strong></span> 
     </span>
     <span class='ocr_line' id='line_1_4' title="bbox 176 458 1616 524; baseline -0.007 -18"><span class='ocrx_word' id='word_1_16' title='bbox 176 465 293 524; x_wconf 85' lang='lat' dir='ltr'><strong>Qid</strong></span> <span class='ocrx_word' id='word_1_17' title='bbox 334 465 402 505; x_wconf 93' lang='lat' dir='ltr'><strong>hic</strong></span> <span class='ocrx_word' id='word_1_18' title='bbox 443 476 519 504; x_wconf 88' lang='lat' dir='ltr'><strong>vos</strong></span> <span class='ocrx_word' id='word_1_19' title='bbox 559 462 664 502; x_wconf 84' lang='lat' dir='ltr'>duae</span> <span class='ocrx_word' id='word_1_20' title='bbox 706 461 870 514; x_wconf 82' lang='lat' dir='ltr'><strong>agitis?</strong></span> <span class='ocrx_word' id='word_1_21' title='bbox 988 462 1075 499; x_wconf 84' lang='lat' dir='ltr'><strong>PH.</strong></span> <span class='ocrx_word' id='word_1_22' title='bbox 1117 458 1223 498; x_wconf 87' lang='lat' dir='ltr'>Tibi</span> <span class='ocrx_word' id='word_1_23' title='bbox 1265 470 1333 497; x_wconf 89' lang='lat' dir='ltr'><strong>me</strong></span> <span class='ocrx_word' id='word_1_24' title='bbox 1377 469 1535 497; x_wconf 85' lang='lat' dir='ltr'><strong>exorno</strong></span> <span class='ocrx_word' id='word_1_25' title='bbox 1570 462 1616 497; x_wconf 86' lang='lat' dir='ltr'><strong>ut</strong></span> 
     </span>
     <span class='ocr_line' id='line_1_5' title="bbox 349 532 1706 593; baseline -0.007 -15"><span class='ocrx_word' id='word_1_26' title='bbox 349 538 554 593; x_wconf 83' lang='lat' dir='ltr'>placeam.</span> <span class='ocrx_word' id='word_1_27' title='bbox 647 538 783 575; x_wconf 84' lang='lat' dir='ltr'><em>PHIL.</em></span> <span class='ocrx_word' id='word_1_28' title='bbox 825 533 993 573; x_wconf 81' lang='lat' dir='ltr'>Ornata</span> <span class='ocrx_word' id='word_1_29' title='bbox 1023 545 1068 572; x_wconf 89' lang='lat' dir='ltr'><strong>es</strong></span> <span class='ocrx_word' id='word_1_30' title='bbox 1099 532 1217 572; x_wconf 85' lang='lat' dir='ltr'><strong>satis.</strong></span> <span class='ocrx_word' id='word_1_31' title='bbox 1626 542 1706 586; x_wconf 82' lang='lat'><strong>135</strong></span> 
     </span>
     <span class='ocr_line' id='line_1_6' title="bbox 181 605 1619 663; baseline -0.007 -8"><span class='ocrx_word' id='word_1_32' title='bbox 181 616 265 655; x_wconf 90' lang='lat' dir='ltr'><strong>Abi</strong></span> <span class='ocrx_word' id='word_1_33' title='bbox 306 620 355 654; x_wconf 84' lang='lat' dir='ltr'><strong>tu</strong></span> <span class='ocrx_word' id='word_1_34' title='bbox 399 612 499 652; x_wconf 87' lang='lat' dir='ltr'><strong>hinc</strong></span> <span class='ocrx_word' id='word_1_35' title='bbox 546 612 678 663; x_wconf 77' lang='lat' dir='ltr'><strong>intro,</strong></span> <span class='ocrx_word' id='word_1_36' title='bbox 724 615 851 662; x_wconf 85' lang='lat' dir='ltr'><strong>atque</strong></span> <span class='ocrx_word' id='word_1_37' title='bbox 896 612 1150 648; x_wconf 81' lang='lat' dir='ltr'><strong>ornamenta</strong></span> <span class='ocrx_word' id='word_1_38' title='bbox 1189 606 1292 647; x_wconf 89' lang='lat' dir='ltr'><strong>haec</strong></span> <span class='ocrx_word' id='word_1_39' title='bbox 1333 605 1619 659; x_wconf 79' lang='lat' dir='ltr'><strong>aufer.-Sed‚</strong></span> 
     </span>
     <span class='ocr_line' id='line_1_7' title="bbox 352 685 692 739; baseline -0.012 -13"><span class='ocrx_word' id='word_1_40' title='bbox 352 685 547 739; x_wconf 88' lang='lat' dir='ltr'><strong>voluptas</strong></span> <span class='ocrx_word' id='word_1_41' title='bbox 580 696 692 737; x_wconf 74' lang='lat' dir='ltr'><strong>mea,</strong></span> 
     </span>
     <span class='ocr_line' id='line_1_8' title="bbox 179 747 1530 806; baseline -0.007 -9"><span class='ocrx_word' id='word_1_42' title='bbox 179 756 283 798; x_wconf 87' lang='lat' dir='ltr'><strong>Mea</strong></span> <span class='ocrx_word' id='word_1_43' title='bbox 311 753 635 806; x_wconf 79' lang='lat' dir='ltr'><strong>Philematium,</strong></span> <span class='ocrx_word' id='word_1_44' title='bbox 666 757 813 806; x_wconf 83' lang='lat' dir='ltr'><strong>potare</strong></span> <span class='ocrx_word' id='word_1_45' title='bbox 843 758 985 791; x_wconf 88' lang='lat' dir='ltr'><strong>tecum</strong></span> <span class='ocrx_word' id='word_1_46' title='bbox 1016 749 1281 790; x_wconf 86' lang='lat' dir='ltr'><strong>conlubitum</strong></span> <span class='ocrx_word' id='word_1_47' title='bbox 1313 753 1376 788; x_wconf 88' lang='lat' dir='ltr'><strong>est</strong></span> <span class='ocrx_word' id='word_1_48' title='bbox 1409 747 1530 788; x_wconf 87' lang='lat' dir='ltr'><strong>mihi.</strong></span> 
     </span>
     <span class='ocr_line' id='line_1_9' title="bbox 237 821 1623 879; baseline -0.009 -8"><span class='ocrx_word' id='word_1_49' title='bbox 237 833 326 871; x_wconf 78' lang='lat' dir='ltr'><strong>PH.</strong></span> <span class='ocrx_word' id='word_1_50' title='bbox 357 828 496 869; x_wconf 87' lang='lat' dir='ltr'>Lubet</span> <span class='ocrx_word' id='word_1_51' title='bbox 524 833 568 868; x_wconf 87' lang='lat' dir='ltr'><strong>et</strong></span> <span class='ocrx_word' id='word_1_52' title='bbox 597 825 745 879; x_wconf 90' lang='lat' dir='ltr'><strong>edepol</strong></span> <span class='ocrx_word' id='word_1_53' title='bbox 772 825 879 865; x_wconf 88' lang='lat' dir='ltr'><strong>mihi</strong></span> <span class='ocrx_word' id='word_1_54' title='bbox 906 831 1074 865; x_wconf 86' lang='lat' dir='ltr'><strong>tecum:</strong></span> <span class='ocrx_word' id='word_1_55' title='bbox 1118 836 1217 863; x_wconf 79' lang='lat' dir='ltr'><strong>nam</strong></span> <span class='ocrx_word' id='word_1_56' title='bbox 1243 822 1353 875; x_wconf 91' lang='lat' dir='ltr'><strong>quod</strong></span> <span class='ocrx_word' id='word_1_57' title='bbox 1380 822 1460 862; x_wconf 88' lang='lat' dir='ltr'><strong>tibi</strong></span> <span class='ocrx_word' id='word_1_58' title='bbox 1492 821 1623 874; x_wconf 82' lang='lat' dir='ltr'><strong>lubet,</strong></span> 
     </span>
     <span class='ocr_line' id='line_1_10' title="bbox 343 900 762 954; baseline -0.012 -10"><span class='ocrx_word' id='word_1_59' title='bbox 343 902 460 944; x_wconf 90' lang='lat' dir='ltr'><strong>idem</strong></span> <span class='ocrx_word' id='word_1_60' title='bbox 490 901 597 942; x_wconf 89' lang='lat' dir='ltr'><strong>mihi</strong></span> <span class='ocrx_word' id='word_1_61' title='bbox 630 900 762 954; x_wconf 78' lang='lat' dir='ltr'><strong>lubet,</strong></span> 
     </span>
     <span class='ocr_line' id='line_1_11' title="bbox 182 969 1623 1032; baseline -0.008 -12"><span class='ocrx_word' id='word_1_62' title='bbox 182 979 287 1020; x_wconf 87' lang='lat' dir='ltr'><strong>Mea</strong></span> <span class='ocrx_word' id='word_1_63' title='bbox 307 978 516 1032; x_wconf 85' lang='lat' dir='ltr'><strong>voluptas.</strong></span> <span class='ocrx_word' id='word_1_64' title='bbox 606 978 742 1016; x_wconf 80' lang='lat' dir='ltr'><em>PHJL.</em></span> <span class='ocrx_word' id='word_1_65' title='bbox 778 973 911 1028; x_wconf 80' lang='lat' dir='ltr'><strong>Hem,</strong></span> <span class='ocrx_word' id='word_1_66' title='bbox 938 974 1050 1013; x_wconf 82' lang='lat' dir='ltr'><strong>istuc</strong></span> <span class='ocrx_word' id='word_1_67' title='bbox 1071 972 1247 1012; x_wconf 87' lang='lat' dir='ltr'><strong>verbum</strong></span> <span class='ocrx_word' id='word_1_68' title='bbox 1268 971 1354 1011; x_wconf 90' lang='lat' dir='ltr'><strong>vile</strong></span> <span class='ocrx_word' id='word_1_69' title='bbox 1381 976 1446 1011; x_wconf 87' lang='lat' dir='ltr'><strong>est</strong></span> <span class='ocrx_word' id='word_1_70' title='bbox 1467 969 1623 1023; x_wconf 85' lang='lat' dir='ltr'><strong>viginti</strong></span> 
     </span>
     <span class='ocr_line' id='line_1_12' title="bbox 357 1051 503 1092; baseline -0.007 0"><span class='ocrx_word' id='word_1_71' title='bbox 357 1051 503 1092; x_wconf 89' lang='lat' dir='ltr'><strong>minis.</strong></span> 
     </span>
     <span class='ocr_line' id='line_1_13' title="bbox 242 1118 1629 1180; baseline -0.008 -11"><span class='ocrx_word' id='word_1_72' title='bbox 242 1131 330 1169; x_wconf 78' lang='lat' dir='ltr'><strong>PH.</strong></span> <span class='ocrx_word' id='word_1_73' title='bbox 362 1126 498 1180; x_wconf 84' lang='lat' dir='ltr'><strong>Cedo,</strong></span> <span class='ocrx_word' id='word_1_74' title='bbox 528 1124 696 1178; x_wconf 85' lang='lat' dir='ltr'><strong>amabo,</strong></span> <span class='ocrx_word' id='word_1_75' title='bbox 726 1123 901 1164; x_wconf 87' lang='lat' dir='ltr'><strong>decem:</strong></span> <span class='ocrx_word' id='word_1_76' title='bbox 941 1123 1050 1163; x_wconf 91' lang='lat' dir='ltr'><strong>bene</strong></span> <span class='ocrx_word' id='word_1_77' title='bbox 1085 1126 1275 1177; x_wconf 88' lang='lat' dir='ltr'><strong>emptum</strong></span> <span class='ocrx_word' id='word_1_78' title='bbox 1306 1121 1386 1161; x_wconf 89' lang='lat' dir='ltr'><strong>tibi</strong></span> <span class='ocrx_word' id='word_1_79' title='bbox 1419 1119 1516 1160; x_wconf 83' lang='lat' dir='ltr'><strong>dare</strong></span> <span class='ocrx_word' id='word_1_80' title='bbox 1549 1118 1629 1159; x_wconf 91' lang='lat' dir='ltr'><strong>hoc</strong></span> 
     </span>
     <span class='ocr_line' id='line_1_14' title="bbox 357 1200 1715 1245; baseline -0.006 -4"><span class='ocrx_word' id='word_1_81' title='bbox 357 1201 532 1242; x_wconf 90' lang='lat' dir='ltr'><strong>verbum</strong></span> <span class='ocrx_word' id='word_1_82' title='bbox 561 1200 673 1239; x_wconf 80' lang='lat' dir='ltr'><strong>volo,</strong></span> <span class='ocrx_word' id='word_1_83' title='bbox 1635 1206 1715 1245; x_wconf 88' lang='lat'><strong>140</strong></span> 
     </span>
     <span class='ocr_line' id='line_1_15' title="bbox 243 1269 1627 1325; baseline -0.007 -7"><span class='ocrx_word' id='word_1_84' title='bbox 243 1279 382 1318; x_wconf 79' lang='lat' dir='ltr'><em>PHIL.</em></span> <span class='ocrx_word' id='word_1_85' title='bbox 424 1275 567 1316; x_wconf 85' lang='lat' dir='ltr'><strong>Etiam</strong></span> <span class='ocrx_word' id='word_1_86' title='bbox 611 1287 726 1315; x_wconf 89' lang='lat' dir='ltr'><strong>nunc</strong></span> <span class='ocrx_word' id='word_1_87' title='bbox 772 1272 921 1314; x_wconf 90' lang='lat' dir='ltr'><strong>decem</strong></span> <span class='ocrx_word' id='word_1_88' title='bbox 968 1272 1111 1312; x_wconf 84' lang='lat' dir='ltr'><strong>minae</strong></span> <span class='ocrx_word' id='word_1_89' title='bbox 1153 1270 1261 1325; x_wconf 82' lang='lat' dir='ltr'><strong>apud</strong></span> <span class='ocrx_word' id='word_1_90' title='bbox 1303 1276 1347 1311; x_wconf 83' lang='lat' dir='ltr'><strong>te</strong></span> <span class='ocrx_word' id='word_1_91' title='bbox 1389 1275 1514 1310; x_wconf 88' lang='lat' dir='ltr'><strong>sunt:</strong></span> <span class='ocrx_word' id='word_1_92' title='bbox 1558 1269 1627 1309; x_wconf 90' lang='lat' dir='ltr'><strong>vel</strong></span> 
     </span>
     <span class='ocr_line' id='line_1_16' title="bbox 363 1350 735 1402; baseline -0.005 -12"><span class='ocrx_word' id='word_1_93' title='bbox 363 1350 577 1390; x_wconf 86' lang='lat' dir='ltr'><strong>rationem</strong></span> <span class='ocrx_word' id='word_1_94' title='bbox 608 1353 735 1402; x_wconf 83' lang='lat' dir='ltr'><strong>puta:</strong></span> 
     </span>
     <span class='ocr_line' id='line_1_17' title="bbox 186 1418 1630 1479; baseline -0.006 -13"><span class='ocrx_word' id='word_1_95' title='bbox 186 1426 389 1479; x_wconf 83' lang='lat' dir='ltr'>Triginta</span> <span class='ocrx_word' id='word_1_96' title='bbox 418 1425 561 1463; x_wconf 83' lang='lat' dir='ltr'><strong>minas</strong></span> <span class='ocrx_word' id='word_1_97' title='bbox 591 1435 667 1477; x_wconf 89' lang='lat' dir='ltr'><strong>pro</strong></span> <span class='ocrx_word' id='word_1_98' title='bbox 697 1422 838 1476; x_wconf 87' lang='lat' dir='ltr'><strong>capite</strong></span> <span class='ocrx_word' id='word_1_99' title='bbox 868 1427 942 1461; x_wconf 86' lang='lat' dir='ltr'><strong>tuo</strong></span> <span class='ocrx_word' id='word_1_100' title='bbox 972 1420 1103 1461; x_wconf 91' lang='lat' dir='ltr'><strong>dedi.</strong></span> <span class='ocrx_word' id='word_1_101' title='bbox 1125 1449 1135 1459; x_wconf 91' lang='lat'>.</span> <span class='ocrx_word' id='word_1_102' title='bbox 1159 1449 1169 1460; x_wconf 88' lang='lat'>.</span> <span class='ocrx_word' id='word_1_103' title='bbox 1192 1449 1202 1460; x_wconf 91' lang='lat'>.</span> <span class='ocrx_word' id='word_1_104' title='bbox 1320 1421 1407 1459; x_wconf 84' lang='lat' dir='ltr'><strong>PH.</strong></span> <span class='ocrx_word' id='word_1_105' title='bbox 1439 1418 1528 1459; x_wconf 85' lang='lat' dir='ltr'><strong>Cur</strong></span> <span class='ocrx_word' id='word_1_106' title='bbox 1559 1430 1630 1457; x_wconf 83' lang='lat' dir='ltr'><strong>ex-</strong></span> 
     </span>
     <span class='ocr_line' id='line_1_18' title="bbox 360 1499 563 1554; baseline 0.005 -15"><span class='ocrx_word' id='word_1_107' title='bbox 360 1499 563 1554; x_wconf 83' lang='lat' dir='ltr'><strong>probras?</strong></span> 
     </span>
     <span class='ocr_line' id='line_1_19' title="bbox 245 1567 1631 1626; baseline -0.007 -10"><span class='ocrx_word' id='word_1_108' title='bbox 245 1577 382 1616; x_wconf 81' lang='lat' dir='ltr'>PHIL.</span> <span class='ocrx_word' id='word_1_109' title='bbox 425 1572 570 1626; x_wconf 89' lang='lat' dir='ltr'><strong>Egone</strong></span> <span class='ocrx_word' id='word_1_110' title='bbox 614 1571 658 1612; x_wconf 85' lang='lat' dir='ltr'><strong>id</strong></span> <span class='ocrx_word' id='word_1_111' title='bbox 700 1570 978 1626; x_wconf 85' lang='lat' dir='ltr'><strong>exprobrem?</strong></span> <span class='ocrx_word' id='word_1_112' title='bbox 1051 1568 1138 1625; x_wconf 80' lang='lat' dir='ltr'>Q</span> <span class='ocrx_word' id='word_1_113' title='bbox 1182 1568 1380 1609; x_wconf 86' lang='lat' dir='ltr'><strong>mihimet</strong></span> <span class='ocrx_word' id='word_1_114' title='bbox 1420 1569 1544 1622; x_wconf 90' lang='lat' dir='ltr'><strong>cupio</strong></span> <span class='ocrx_word' id='word_1_115' title='bbox 1589 1567 1631 1607; x_wconf 87' lang='lat' dir='ltr'><strong>id</strong></span> 
     </span>
     <span class='ocr_line' id='line_1_20' title="bbox 359 1647 680 1702; baseline -0.009 -14"><span class='ocrx_word' id='word_1_116' title='bbox 359 1647 651 1702; x_wconf 84' lang='lat' dir='ltr'><strong>opprobrarier</strong></span> <span class='ocrx_word' id='word_1_117' title='bbox 666 1662 680 1700; x_wconf 76' lang='lat'>3</span> 
     </span>
     <span class='ocr_line' id='line_1_21' title="bbox 189 1711 1632 1776; baseline -0.006 -12"><span class='ocrx_word' id='word_1_118' title='bbox 189 1722 288 1764; x_wconf 93' lang='lat' dir='ltr'><strong>Nec</strong></span> <span class='ocrx_word' id='word_1_119' title='bbox 318 1723 543 1776; x_wconf 83' lang='lat' dir='ltr'><strong>quicquam</strong></span> <span class='ocrx_word' id='word_1_120' title='bbox 569 1711 750 1774; x_wconf 75' lang='lat' dir='ltr'><strong>argenti⁴</strong></span> <span class='ocrx_word' id='word_1_121' title='bbox 769 1719 906 1759; x_wconf 85' lang='lat' dir='ltr'><strong>locavi</strong></span> <span class='ocrx_word' id='word_1_122' title='bbox 937 1719 1024 1759; x_wconf 87' lang='lat' dir='ltr'><strong>iam</strong></span> <span class='ocrx_word' id='word_1_123' title='bbox 1052 1717 1124 1758; x_wconf 91' lang='lat' dir='ltr'><strong>diu</strong></span> <span class='ocrx_word' id='word_1_124' title='bbox 1151 1729 1326 1771; x_wconf 82' lang='lat' dir='ltr'><strong>usquam</strong></span> <span class='ocrx_word' id='word_1_125' title='bbox 1355 1729 1486 1770; x_wconf 87' lang='lat' dir='ltr'><strong>aeque</strong></span> <span class='ocrx_word' id='word_1_126' title='bbox 1510 1716 1632 1756; x_wconf 90' lang='lat' dir='ltr'><strong>bene.</strong></span> 
     </span>
    </p>
   </div>
   <div class='ocr_carea' id='block_1_3' title="bbox 190 1903 1725 2558">
    <p class='ocr_par' dir='ltr' id='par_1_3' title="bbox 190 1903 1720 2046">
     <span class='ocr_line' id='line_1_22' title="bbox 242 1903 1720 1952; baseline -0.004 -9"><span class='ocrx_word' id='word_1_127' title='bbox 242 1920 320 1952; x_wconf 84' lang='lat'>133.</span> <span class='ocrx_word' id='word_1_128' title='bbox 369 1920 443 1942; x_wconf 87' lang='lat' dir='ltr'><strong>ceno</strong></span> <span class='ocrx_word' id='word_1_129' title='bbox 467 1907 530 1942; x_wconf 87' lang='lat' dir='ltr'><strong>the</strong></span> <span class='ocrx_word' id='word_1_130' title='bbox 556 1907 663 1942; x_wconf 87' lang='lat' dir='ltr'>MSS.</span> <span class='ocrx_word' id='word_1_131' title='bbox 736 1918 828 1940; x_wconf 86' lang='lat' dir='ltr'><strong>coeno</strong></span> <span class='ocrx_word' id='word_1_132' title='bbox 851 1905 894 1940; x_wconf 91' lang='lat' dir='ltr'><strong>Z.</strong></span> <span class='ocrx_word' id='word_1_133' title='bbox 966 1917 1064 1939; x_wconf 84' lang='lat' dir='ltr'><strong>caeno</strong></span> <span class='ocrx_word' id='word_1_134' title='bbox 1092 1904 1138 1939; x_wconf 92' lang='lat' dir='ltr'><strong>R.</strong></span> <span class='ocrx_word' id='word_1_135' title='bbox 1282 1903 1601 1938; x_wconf 84' lang='lat' dir='ltr'><strong>conlinunt—BCD</strong></span> <span class='ocrx_word' id='word_1_136' title='bbox 1629 1903 1720 1938; x_wconf 85' lang='lat' dir='ltr'><strong>have</strong></span> 
     </span>
     <span class='ocr_line' id='line_1_23' title="bbox 191 1950 1720 1999; baseline -0.005 -9"><span class='ocrx_word' id='word_1_137' title='bbox 191 1958 372 1999; x_wconf 76' lang='lat' dir='ltr'><strong>mutinum,</strong></span> <span class='ocrx_word' id='word_1_138' title='bbox 390 1966 436 1989; x_wconf 87' lang='lat' dir='ltr'><strong>an</strong></span> <span class='ocrx_word' id='word_1_139' title='bbox 457 1955 606 1988; x_wconf 89' lang='lat' dir='ltr'><strong>obvious</strong></span> <span class='ocrx_word' id='word_1_140' title='bbox 632 1954 844 1998; x_wconf 87' lang='lat' dir='ltr'><strong>corruption</strong></span> <span class='ocrx_word' id='word_1_141' title='bbox 870 1951 911 1986; x_wconf 91' lang='lat' dir='ltr'><strong>of</strong></span> <span class='ocrx_word' id='word_1_142' title='bbox 933 1953 1110 1986; x_wconf 86' lang='lat' dir='ltr'><strong>conlinunt.</strong></span> <span class='ocrx_word' id='word_1_143' title='bbox 1177 1952 1375 1985; x_wconf 84' lang='lat' dir='ltr'><strong>Saracenus</strong></span> <span class='ocrx_word' id='word_1_144' title='bbox 1401 1951 1477 1984; x_wconf 85' lang='lat' dir='ltr'><strong>first</strong></span> <span class='ocrx_word' id='word_1_145' title='bbox 1503 1950 1720 1984; x_wconf 84' lang='lat' dir='ltr'><strong>introduced</strong></span> 
     </span>
     <span class='ocr_line' id='line_1_24' title="bbox 190 2001 1319 2046; baseline -0.008 -8"><span class='ocrx_word' id='word_1_146' title='bbox 190 2004 360 2046; x_wconf 85' lang='lat' dir='ltr'><em>collinunt,</em></span> <span class='ocrx_word' id='word_1_147' title='bbox 378 2002 449 2035; x_wconf 89' lang='lat' dir='ltr'><strong>and</strong></span> <span class='ocrx_word' id='word_1_148' title='bbox 466 2012 505 2035; x_wconf 88' lang='lat' dir='ltr'><strong>so</strong></span> <span class='ocrx_word' id='word_1_149' title='bbox 524 2001 628 2044; x_wconf 91' lang='lat' dir='ltr'><strong>Vulg.</strong></span> <span class='ocrx_word' id='word_1_150' title='bbox 643 2001 706 2035; x_wconf 88' lang='lat' dir='ltr'><strong>W.</strong></span> <span class='ocrx_word' id='word_1_151' title='bbox 1307 2022 1319 2037; x_wconf 56' lang='grc' dir='ltr'><em>ε</em></span> 
     </span>
    </p>

    <p class='ocr_par' dir='ltr' id='par_1_4' title="bbox 193 2043 1722 2130">
     <span class='ocr_line' id='line_1_25' title="bbox 244 2043 1722 2091; baseline -0.004 -8"><span class='ocrx_word' id='word_1_152' title='bbox 244 2062 321 2091; x_wconf 82' lang='lat'>134.</span> <span class='ocrx_word' id='word_1_153' title='bbox 370 2050 465 2082; x_wconf 86' lang='lat' dir='ltr'><strong>Nam</strong></span> <span class='ocrx_word' id='word_1_154' title='bbox 482 2050 523 2090; x_wconf 82' lang='lat' dir='ltr'><strong>si,</strong></span> <span class='ocrx_word' id='word_1_155' title='bbox 545 2058 586 2081; x_wconf 89' lang='lat' dir='ltr'><strong>so</strong></span> <span class='ocrx_word' id='word_1_156' title='bbox 605 2048 750 2081; x_wconf 86' lang='lat' dir='ltr'><strong>Camer.</strong></span> <span class='ocrx_word' id='word_1_157' title='bbox 823 2046 918 2079; x_wconf 87' lang='lat' dir='ltr'><strong>Nam</strong></span> <span class='ocrx_word' id='word_1_158' title='bbox 943 2046 1008 2079; x_wconf 84' lang='lat' dir='ltr'><strong>nisi</strong></span> <span class='ocrx_word' id='word_1_159' title='bbox 1025 2045 1090 2079; x_wconf 89' lang='lat' dir='ltr'><strong>Ba.</strong></span> <span class='ocrx_word' id='word_1_160' title='bbox 1162 2044 1258 2078; x_wconf 84' lang='lat' dir='ltr'><strong>Nam</strong></span> <span class='ocrx_word' id='word_1_161' title='bbox 1283 2045 1349 2078; x_wconf 85' lang='lat' dir='ltr'><strong>nisi</strong></span> <span class='ocrx_word' id='word_1_162' title='bbox 1367 2043 1435 2078; x_wconf 83' lang='lat' dir='ltr'><strong>Bb.</strong></span> <span class='ocrx_word' id='word_1_163' title='bbox 1507 2044 1603 2078; x_wconf 83' lang='lat' dir='ltr'><strong>Nam</strong></span> <span class='ocrx_word' id='word_1_164' title='bbox 1629 2056 1668 2077; x_wconf 84' lang='lat' dir='ltr'><strong>ne</strong></span> <span class='ocrx_word' id='word_1_165' title='bbox 1691 2044 1722 2077; x_wconf 76' lang='lat' dir='ltr'><strong>st&#39;</strong></span> 
     </span>
     <span class='ocr_line' id='line_1_26' title="bbox 193 2092 1033 2130; baseline -0.006 0"><span class='ocrx_word' id='word_1_166' title='bbox 193 2096 344 2130; x_wconf 88' lang='lat' dir='ltr'>CDFZ.</span> <span class='ocrx_word' id='word_1_167' title='bbox 489 2107 626 2128; x_wconf 85' lang='lat' dir='ltr'><strong>manum</strong></span> <span class='ocrx_word' id='word_1_168' title='bbox 647 2094 723 2127; x_wconf 90' lang='lat' dir='ltr'><strong>FZ.</strong></span> <span class='ocrx_word' id='word_1_169' title='bbox 796 2105 899 2126; x_wconf 83' lang='lat' dir='ltr'><strong>manu</strong></span> <span class='ocrx_word' id='word_1_170' title='bbox 918 2092 1033 2125; x_wconf 92' lang='lat' dir='ltr'>BCD.</span> 
     </span>
    </p>

    <p class='ocr_par' dir='ltr' id='par_1_5' title="bbox 192 2137 1723 2280">
     <span class='ocr_line' id='line_1_27' title="bbox 244 2137 1723 2186; baseline -0.003 -10"><span class='ocrx_word' id='word_1_171' title='bbox 244 2154 321 2184; x_wconf 84' lang='lat'>135.</span> <span class='ocrx_word' id='word_1_172' title='bbox 370 2141 470 2186; x_wconf 79' lang='lat' dir='ltr'><strong>Quid,</strong></span> <span class='ocrx_word' id='word_1_173' title='bbox 503 2151 543 2174; x_wconf 88' lang='lat' dir='ltr'><strong>so</strong></span> <span class='ocrx_word' id='word_1_174' title='bbox 576 2141 638 2174; x_wconf 85' lang='lat' dir='ltr'><strong>the</strong></span> <span class='ocrx_word' id='word_1_175' title='bbox 674 2140 779 2173; x_wconf 87' lang='lat' dir='ltr'>MSS.</span> <span class='ocrx_word' id='word_1_176' title='bbox 854 2139 949 2172; x_wconf 82' lang='lat' dir='ltr'><strong>Nam</strong></span> <span class='ocrx_word' id='word_1_177' title='bbox 982 2139 1061 2182; x_wconf 83' lang='lat' dir='ltr'><strong>quid</strong></span> <span class='ocrx_word' id='word_1_178' title='bbox 1095 2137 1139 2172; x_wconf 90' lang='lat' dir='ltr'><strong>R.</strong></span> <span class='ocrx_word' id='word_1_179' title='bbox 1282 2149 1344 2171; x_wconf 82' lang='lat' dir='ltr'><strong>vos</strong></span> <span class='ocrx_word' id='word_1_180' title='bbox 1378 2137 1472 2180; x_wconf 80' lang='lat' dir='ltr'><strong>duae,</strong></span> <span class='ocrx_word' id='word_1_181' title='bbox 1500 2147 1540 2170; x_wconf 88' lang='lat' dir='ltr'><strong>so</strong></span> <span class='ocrx_word' id='word_1_182' title='bbox 1576 2137 1723 2172; x_wconf 81' lang='lat' dir='ltr'><strong>Camer.</strong></span> 
     </span>
     <span class='ocr_line' id='line_1_28' title="bbox 192 2184 1722 2228; baseline -0.003 -5"><span class='ocrx_word' id='word_1_183' title='bbox 192 2202 255 2223; x_wconf 85' lang='lat' dir='ltr'><strong>vos</strong></span> <span class='ocrx_word' id='word_1_184' title='bbox 282 2190 343 2222; x_wconf 88' lang='lat' dir='ltr'><strong>due</strong></span> <span class='ocrx_word' id='word_1_185' title='bbox 364 2189 430 2222; x_wconf 93' lang='lat' dir='ltr'><strong>Bb.</strong></span> <span class='ocrx_word' id='word_1_186' title='bbox 504 2200 567 2220; x_wconf 81' lang='lat' dir='ltr'><strong>vos</strong></span> <span class='ocrx_word' id='word_1_187' title='bbox 592 2187 648 2220; x_wconf 85' lang='lat' dir='ltr'><strong>diu</strong></span> <span class='ocrx_word' id='word_1_188' title='bbox 673 2186 845 2220; x_wconf 84' lang='lat' dir='ltr'>BaCDZ.</span> <span class='ocrx_word' id='word_1_189' title='bbox 917 2198 979 2218; x_wconf 89' lang='lat' dir='ltr'><strong>vos</strong></span> <span class='ocrx_word' id='word_1_190' title='bbox 1005 2186 1061 2218; x_wconf 85' lang='lat' dir='ltr'><strong>dui</strong></span> <span class='ocrx_word' id='word_1_191' title='bbox 1087 2185 1128 2218; x_wconf 88' lang='lat' dir='ltr'><strong>F.</strong></span> <span class='ocrx_word' id='word_1_192' title='bbox 1200 2184 1284 2218; x_wconf 81' lang='lat' dir='ltr'><strong>duae</strong></span> <span class='ocrx_word' id='word_1_193' title='bbox 1311 2184 1338 2217; x_wconf 88' lang='lat' dir='ltr'><strong>is</strong></span> <span class='ocrx_word' id='word_1_194' title='bbox 1365 2184 1520 2218; x_wconf 81' lang='lat' dir='ltr'><strong>omitted</strong></span> <span class='ocrx_word' id='word_1_195' title='bbox 1547 2184 1595 2228; x_wconf 94' lang='lat' dir='ltr'><strong>by</strong></span> <span class='ocrx_word' id='word_1_196' title='bbox 1623 2184 1722 2219; x_wconf 89' lang='lat' dir='ltr'><strong>RW.</strong></span> 
     </span>
     <span class='ocr_line' id='line_1_29' title="bbox 192 2231 1475 2280; baseline -0.004 -10"><span class='ocrx_word' id='word_1_197' title='bbox 192 2249 314 2270; x_wconf 85' lang='lat' dir='ltr'><strong>exorno</strong></span> <span class='ocrx_word' id='word_1_198' title='bbox 332 2242 368 2269; x_wconf 89' lang='lat' dir='ltr'><strong>ut</strong></span> <span class='ocrx_word' id='word_1_199' title='bbox 377 2235 544 2280; x_wconf 85' lang='lat' dir='ltr'><strong>placeam,</strong></span> <span class='ocrx_word' id='word_1_200' title='bbox 563 2244 603 2267; x_wconf 83' lang='lat' dir='ltr'><strong>so</strong></span> <span class='ocrx_word' id='word_1_201' title='bbox 620 2233 682 2267; x_wconf 92' lang='lat' dir='ltr'><strong>the</strong></span> <span class='ocrx_word' id='word_1_202' title='bbox 702 2233 808 2266; x_wconf 87' lang='lat' dir='ltr'>MSS.</span> <span class='ocrx_word' id='word_1_203' title='bbox 883 2232 914 2265; x_wconf 90' lang='lat' dir='ltr'>R</span> <span class='ocrx_word' id='word_1_204' title='bbox 933 2233 1040 2265; x_wconf 86' lang='lat' dir='ltr'><strong>omits</strong></span> <span class='ocrx_word' id='word_1_205' title='bbox 1058 2239 1094 2264; x_wconf 88' lang='lat' dir='ltr'><strong>ut</strong></span> <span class='ocrx_word' id='word_1_206' title='bbox 1106 2231 1260 2275; x_wconf 82' lang='lat' dir='ltr'><strong>placeam</strong></span> <span class='ocrx_word' id='word_1_207' title='bbox 1278 2242 1315 2264; x_wconf 81' lang='lat' dir='ltr'><strong>as</strong></span> <span class='ocrx_word' id='word_1_208' title='bbox 1332 2242 1352 2264; x_wconf 88' lang='lat' dir='ltr'>a</span> <span class='ocrx_word' id='word_1_209' title='bbox 1370 2231 1475 2273; x_wconf 78' lang='lat' dir='ltr'><strong>gloss.</strong></span> 
     </span>
    </p>

    <p class='ocr_par' dir='ltr' id='par_1_6' title="bbox 247 2276 1708 2325">
     <span class='ocr_line' id='line_1_30' title="bbox 247 2276 1708 2325; baseline -0.003 -9"><span class='ocrx_word' id='word_1_210' title='bbox 247 2285 324 2325; x_wconf 82' lang='lat'>136.</span> <span class='ocrx_word' id='word_1_211' title='bbox 374 2289 410 2315; x_wconf 88' lang='lat' dir='ltr'><strong>tu</strong></span> <span class='ocrx_word' id='word_1_212' title='bbox 427 2282 501 2314; x_wconf 86' lang='lat' dir='ltr'><strong>hinc</strong></span> <span class='ocrx_word' id='word_1_213' title='bbox 520 2281 634 2314; x_wconf 88' lang='lat' dir='ltr'>BCD.</span> <span class='ocrx_word' id='word_1_214' title='bbox 707 2287 754 2323; x_wconf 87' lang='lat' dir='ltr'><strong>tu,</strong></span> <span class='ocrx_word' id='word_1_215' title='bbox 772 2279 940 2322; x_wconf 87' lang='lat' dir='ltr'><strong>omitting</strong></span> <span class='ocrx_word' id='word_1_216' title='bbox 957 2280 1043 2321; x_wconf 84' lang='lat' dir='ltr'><strong>hinc,</strong></span> <span class='ocrx_word' id='word_1_217' title='bbox 1064 2279 1140 2312; x_wconf 89' lang='lat' dir='ltr'><strong>FZ.</strong></span> <span class='ocrx_word' id='word_1_218' title='bbox 1212 2279 1287 2311; x_wconf 84' lang='lat' dir='ltr'><strong>hinc</strong></span> <span class='ocrx_word' id='word_1_219' title='bbox 1305 2285 1351 2321; x_wconf 85' lang='lat' dir='ltr'><strong>tu,</strong></span> <span class='ocrx_word' id='word_1_220' title='bbox 1371 2278 1514 2312; x_wconf 87' lang='lat' dir='ltr'><strong>Camer.</strong></span> <span class='ocrx_word' id='word_1_221' title='bbox 1527 2277 1631 2321; x_wconf 85' lang='lat' dir='ltr'><strong>Vulg.</strong></span> <span class='ocrx_word' id='word_1_222' title='bbox 1642 2276 1708 2312; x_wconf 86' lang='lat' dir='ltr'><strong>W.</strong></span> 
     </span>
    </p>

    <p class='ocr_par' dir='ltr' id='par_1_7' title="bbox 247 2327 662 2371">
     <span class='ocr_line' id='line_1_31' title="bbox 247 2327 662 2371; baseline -0.005 -9"><span class='ocrx_word' id='word_1_223' title='bbox 247 2341 259 2362; x_wconf 95' lang='lat'>1</span> <span class='ocrx_word' id='word_1_224' title='bbox 271 2340 324 2371; x_wconf 84' lang='lat'><strong>37.</strong></span> <span class='ocrx_word' id='word_1_225' title='bbox 374 2328 563 2361; x_wconf 88' lang='lat' dir='ltr'><strong>conlibitum</strong></span> <span class='ocrx_word' id='word_1_226' title='bbox 582 2327 662 2360; x_wconf 91' lang='lat' dir='ltr'><strong>BD.</strong></span> 
     </span>
    </p>

    <p class='ocr_par' dir='ltr' id='par_1_8' title="bbox 197 2370 1723 2468">
     <span class='ocr_line' id='line_1_32' title="bbox 249 2370 1723 2418; baseline -0.003 -9"><span class='ocrx_word' id='word_1_227' title='bbox 249 2379 326 2418; x_wconf 83' lang='lat'>138.</span> <span class='ocrx_word' id='word_1_228' title='bbox 376 2375 471 2409; x_wconf 85' lang='lat' dir='ltr'><strong>Libet</strong></span> <span class='ocrx_word' id='word_1_229' title='bbox 487 2381 519 2407; x_wconf 85' lang='lat' dir='ltr'><strong>et</strong></span> <span class='ocrx_word' id='word_1_230' title='bbox 534 2374 644 2418; x_wconf 75' lang='lat' dir='ltr'><strong>edepol</strong></span> <span class='ocrx_word' id='word_1_231' title='bbox 659 2372 807 2407; x_wconf 88' lang='lat' dir='ltr'>BCDF.</span> <span class='ocrx_word' id='word_1_232' title='bbox 882 2372 978 2406; x_wconf 85' lang='lat' dir='ltr'><strong>Libet</strong></span> <span class='ocrx_word' id='word_1_233' title='bbox 1003 2373 1030 2405; x_wconf 90' lang='lat' dir='ltr'><strong>is</strong></span> <span class='ocrx_word' id='word_1_234' title='bbox 1055 2372 1230 2416; x_wconf 85' lang='lat' dir='ltr'><strong>probably</strong></span> <span class='ocrx_word' id='word_1_235' title='bbox 1251 2382 1271 2405; x_wconf 91' lang='lat' dir='ltr'>a</span> <span class='ocrx_word' id='word_1_236' title='bbox 1296 2371 1400 2415; x_wconf 84' lang='lat' dir='ltr'><strong>gloss,</strong></span> <span class='ocrx_word' id='word_1_237' title='bbox 1418 2371 1488 2405; x_wconf 83' lang='lat' dir='ltr'><strong>and</strong></span> <span class='ocrx_word' id='word_1_238' title='bbox 1514 2371 1542 2404; x_wconf 86' lang='lat' dir='ltr'><strong>is</strong></span> <span class='ocrx_word' id='word_1_239' title='bbox 1567 2370 1723 2404; x_wconf 89' lang='lat' dir='ltr'><strong>omitted</strong></span> 
     </span>
     <span class='ocr_line' id='line_1_33' title="bbox 197 2419 1031 2468; baseline -0.006 -11"><span class='ocrx_word' id='word_1_240' title='bbox 197 2423 245 2468; x_wconf 93' lang='lat' dir='ltr'><strong>by</strong></span> <span class='ocrx_word' id='word_1_241' title='bbox 266 2422 363 2456; x_wconf 87' lang='lat' dir='ltr'><strong>RW.</strong></span> <span class='ocrx_word' id='word_1_242' title='bbox 436 2422 491 2454; x_wconf 89' lang='lat' dir='ltr'><strong>All</strong></span> <span class='ocrx_word' id='word_1_243' title='bbox 509 2421 571 2454; x_wconf 89' lang='lat' dir='ltr'><strong>the</strong></span> <span class='ocrx_word' id='word_1_244' title='bbox 591 2421 696 2454; x_wconf 88' lang='lat' dir='ltr'>MSS.</span> <span class='ocrx_word' id='word_1_245' title='bbox 714 2420 803 2453; x_wconf 85' lang='lat' dir='ltr'><strong>have</strong></span> <span class='ocrx_word' id='word_1_246' title='bbox 820 2419 898 2453; x_wconf 81' lang='lat' dir='ltr'><strong>libet</strong></span> <span class='ocrx_word' id='word_1_247' title='bbox 913 2420 1031 2453; x_wconf 88' lang='lat' dir='ltr'><strong>twice.</strong></span> 
     </span>
    </p>

    <p class='ocr_par' dir='ltr' id='par_1_9' title="bbox 200 2463 1725 2558">
     <span class='ocr_line' id='line_1_34' title="bbox 252 2463 1724 2512; baseline -0.003 -10"><span class='ocrx_word' id='word_1_248' title='bbox 252 2481 329 2512; x_wconf 86' lang='lat'>139.</span> <span class='ocrx_word' id='word_1_249' title='bbox 378 2470 462 2502; x_wconf 82' lang='lat' dir='ltr'><strong>Hem</strong></span> <span class='ocrx_word' id='word_1_250' title='bbox 488 2469 583 2510; x_wconf 84' lang='lat' dir='ltr'><em>istuc,</em></span> <span class='ocrx_word' id='word_1_251' title='bbox 613 2478 653 2501; x_wconf 86' lang='lat' dir='ltr'><strong>So</strong></span> <span class='ocrx_word' id='word_1_252' title='bbox 687 2467 832 2500; x_wconf 82' lang='lat' dir='ltr'><strong>Camer.</strong></span> <span class='ocrx_word' id='word_1_253' title='bbox 905 2479 955 2499; x_wconf 83' lang='lat' dir='ltr'><strong>em</strong></span> <span class='ocrx_word' id='word_1_254' title='bbox 988 2467 1072 2500; x_wconf 86' lang='lat' dir='ltr'><em>istuc</em></span> <span class='ocrx_word' id='word_1_255' title='bbox 1101 2465 1167 2499; x_wconf 90' lang='lat' dir='ltr'><strong>Bb.</strong></span> <span class='ocrx_word' id='word_1_256' title='bbox 1239 2478 1314 2498; x_wconf 83' lang='lat' dir='ltr'><strong>eam</strong></span> <span class='ocrx_word' id='word_1_257' title='bbox 1347 2466 1430 2498; x_wconf 84' lang='lat' dir='ltr'><em>istuc</em></span> <span class='ocrx_word' id='word_1_258' title='bbox 1459 2465 1596 2498; x_wconf 85' lang='lat' dir='ltr'>BaCD.</span> <span class='ocrx_word' id='word_1_259' title='bbox 1671 2463 1724 2497; x_wconf 87' lang='lat' dir='ltr'><strong>Ba</strong></span> 
     </span>
     <span class='ocr_line' id='line_1_35' title="bbox 200 2511 1725 2558; baseline -0.005 -7"><span class='ocrx_word' id='word_1_260' title='bbox 200 2517 271 2551; x_wconf 91' lang='lat' dir='ltr'><strong>and</strong></span> <span class='ocrx_word' id='word_1_261' title='bbox 290 2516 351 2550; x_wconf 94' lang='lat' dir='ltr'><strong>Db</strong></span> <span class='ocrx_word' id='word_1_262' title='bbox 369 2516 483 2557; x_wconf 82' lang='lat' dir='ltr'><strong>assign</strong></span> <span class='ocrx_word' id='word_1_263' title='bbox 502 2515 564 2548; x_wconf 90' lang='lat' dir='ltr'><strong>the</strong></span> <span class='ocrx_word' id='word_1_264' title='bbox 582 2514 701 2548; x_wconf 86' lang='lat' dir='ltr'><strong>words</strong></span> <span class='ocrx_word' id='word_1_265' title='bbox 722 2515 800 2547; x_wconf 83' lang='lat' dir='ltr'><strong>Mea</strong></span> <span class='ocrx_word' id='word_1_266' title='bbox 819 2513 975 2558; x_wconf 83' lang='lat' dir='ltr'><strong>voluptas</strong></span> <span class='ocrx_word' id='word_1_267' title='bbox 993 2517 1033 2547; x_wconf 90' lang='lat' dir='ltr'><strong>to</strong></span> <span class='ocrx_word' id='word_1_268' title='bbox 1051 2511 1287 2547; x_wconf 80' lang='lat' dir='ltr'><strong>Philolaches.</strong></span> <span class='ocrx_word' id='word_1_269' title='bbox 1338 2512 1468 2546; x_wconf 89' lang='lat' dir='ltr'><strong>Hence</strong></span> <span class='ocrx_word' id='word_1_270' title='bbox 1497 2512 1529 2544; x_wconf 91' lang='lat' dir='ltr'>R</span> <span class='ocrx_word' id='word_1_271' title='bbox 1555 2521 1725 2554; x_wconf 85' lang='lat' dir='ltr'><strong>arranges</strong></span> 
     </span>
    </p>
   </div>
   <div class='ocr_carea' id='block_1_4' title="bbox 199 2562 1727 2846">
    <p class='ocr_par' dir='ltr' id='par_1_10' title="bbox 199 2562 1727 2846">
     <span class='ocr_line' id='line_1_36' title="bbox 199 2562 544 2598; baseline -0.014 0"><span class='ocrx_word' id='word_1_272' title='bbox 199 2564 261 2598; x_wconf 92' lang='lat' dir='ltr'><strong>the</strong></span> <span class='ocrx_word' id='word_1_273' title='bbox 279 2562 397 2597; x_wconf 84' lang='lat' dir='ltr'><strong>words</strong></span> <span class='ocrx_word' id='word_1_274' title='bbox 414 2562 544 2595; x_wconf 83' lang='lat' dir='ltr'><strong>thus—</strong></span> 
     </span>
     <span class='ocr_line' id='line_1_37' title="bbox 332 2621 1597 2667; baseline -0.003 -7"><span class='ocrx_word' id='word_1_275' title='bbox 332 2626 422 2660; x_wconf 84' lang='lat' dir='ltr'><strong>Phil.</strong></span> <span class='ocrx_word' id='word_1_276' title='bbox 458 2626 568 2667; x_wconf 87' lang='lat' dir='ltr'><strong>Hem,</strong></span> <span class='ocrx_word' id='word_1_277' title='bbox 594 2625 685 2658; x_wconf 81' lang='lat' dir='ltr'><strong>istuc</strong></span> <span class='ocrx_word' id='word_1_278' title='bbox 711 2624 874 2667; x_wconf 82' lang='lat' dir='ltr'><strong>verbum,</strong></span> <span class='ocrx_word' id='word_1_279' title='bbox 899 2635 982 2658; x_wconf 89' lang='lat' dir='ltr'><strong>mea</strong></span> <span class='ocrx_word' id='word_1_280' title='bbox 1005 2624 1178 2667; x_wconf 80' lang='lat' dir='ltr'><strong>voluptas,</strong></span> <span class='ocrx_word' id='word_1_281' title='bbox 1204 2623 1306 2657; x_wconf 82' lang='lat' dir='ltr'><strong>vilest</strong></span> <span class='ocrx_word' id='word_1_282' title='bbox 1332 2622 1455 2665; x_wconf 86' lang='lat' dir='ltr'><strong>viginti</strong></span> <span class='ocrx_word' id='word_1_283' title='bbox 1481 2621 1597 2656; x_wconf 87' lang='lat' dir='ltr'><strong>minis.</strong></span> 
     </span>
     <span class='ocr_line' id='line_1_38' title="bbox 251 2684 1631 2768; baseline -0.005 -44"><span class='ocrx_word' id='word_1_284' title='bbox 251 2702 328 2732; x_wconf 76' lang='lat'>140.</span> <span class='ocrx_word' id='word_1_285' title='bbox 376 2690 497 2768; x_wconf 71' lang='lat' dir='ltr'><strong>decem1⁴</strong></span> <span class='ocrx_word' id='word_1_286' title='bbox 493 2688 587 2742; x_wconf 53' lang='lat' dir='ltr'><strong>pene,</strong></span> <span class='ocrx_word' id='word_1_287' title='bbox 607 2699 646 2722; x_wconf 87' lang='lat' dir='ltr'><strong>So</strong></span> <span class='ocrx_word' id='word_1_288' title='bbox 664 2688 801 2722; x_wconf 86' lang='lat' dir='ltr'><strong>Acidal.</strong></span> <span class='ocrx_word' id='word_1_289' title='bbox 873 2689 986 2721; x_wconf 73' lang='lat' dir='ltr'><strong>desum</strong></span> <span class='ocrx_word' id='word_1_290' title='bbox 1004 2687 1080 2721; x_wconf 82' lang='lat' dir='ltr'><strong>bene</strong></span> <span class='ocrx_word' id='word_1_291' title='bbox 1099 2687 1200 2721; x_wconf 87' lang='lat' dir='ltr'>BaD.</span> <span class='ocrx_word' id='word_1_292' title='bbox 1273 2685 1425 2719; x_wconf 81' lang='lat' dir='ltr'><strong>decumbe</strong></span> <span class='ocrx_word' id='word_1_293' title='bbox 1441 2698 1479 2719; x_wconf 84' lang='lat' dir='ltr'><strong>ne</strong></span> <span class='ocrx_word' id='word_1_294' title='bbox 1497 2684 1631 2718; x_wconf 82' lang='lat' dir='ltr'>BbCF.</span> 
     </span>
     <span class='ocr_line' id='line_1_39' title="bbox 251 2749 1727 2846; baseline -0.006 -28"><span class='ocrx_word' id='word_1_295' title='bbox 251 2749 609 2827; x_wconf 50' lang='lat' dir='ltr'><strong>:1}.:IIZ?r771ih·inzet‚</strong></span> <span class='ocrx_word' id='word_1_296' title='bbox 628 2792 668 2815; x_wconf 84' lang='grc'><strong>50</strong></span> <span class='ocrx_word' id='word_1_297' title='bbox 685 2780 747 2846; x_wconf 43' lang='lat' dir='ltr'><strong>nze</strong></span> <span class='ocrx_word' id='word_1_298' title='bbox 767 2781 872 2815; x_wconf 86' lang='lat' dir='ltr'>MSS.</span> <span class='ocrx_word' id='word_1_299' title='bbox 945 2783 1021 2825; x_wconf 85' lang='lat' dir='ltr'><strong>quin</strong></span> <span class='ocrx_word' id='word_1_300' title='bbox 1039 2781 1189 2814; x_wconf 83' lang='lat' dir='ltr'><strong>mihimet</strong></span> <span class='ocrx_word' id='word_1_301' title='bbox 1207 2779 1310 2822; x_wconf 89' lang='lat' dir='ltr'><strong>Vulg.</strong></span> <span class='ocrx_word' id='word_1_302' title='bbox 1330 2779 1392 2814; x_wconf 89' lang='lat' dir='ltr'><strong>W.</strong></span> <span class='ocrx_word' id='word_1_303' title='bbox 1535 2755 1727 2822; x_wconf 42' lang='lat' dir='ltr'><strong>oprobssaerier</strong></span> 
     </span>
    </p>
   </div>
   <div class='ocr_carea' id='block_1_5' title="bbox 198 2852 1294 2946">
    <p class='ocr_par' dir='ltr' id='par_1_11' title="bbox 198 2852 1294 2946">
     <span class='ocr_line' id='line_1_40' title="bbox 198 2852 1200 2900; baseline -0.006 -9"><span class='ocrx_word' id='word_1_304' title='bbox 198 2857 262 2891; x_wconf 86' lang='lat' dir='ltr'><strong>Ba.</strong></span> <span class='ocrx_word' id='word_1_305' title='bbox 335 2855 547 2900; x_wconf 84' lang='lat' dir='ltr'><strong>obprobarier</strong></span> <span class='ocrx_word' id='word_1_306' title='bbox 566 2854 607 2888; x_wconf 92' lang='lat' dir='ltr'><strong>F.</strong></span> <span class='ocrx_word' id='word_1_307' title='bbox 679 2862 749 2898; x_wconf 83' lang='lat' dir='ltr'><strong>opr.</strong></span> <span class='ocrx_word' id='word_1_308' title='bbox 768 2854 834 2888; x_wconf 88' lang='lat' dir='ltr'><strong>Bb.</strong></span> <span class='ocrx_word' id='word_1_309' title='bbox 907 2853 1099 2898; x_wconf 79' lang='lat' dir='ltr'><strong>oprobarier</strong></span> <span class='ocrx_word' id='word_1_310' title='bbox 1118 2852 1200 2886; x_wconf 89' lang='lat' dir='ltr'><strong>CD.</strong></span> 
     </span>
     <span class='ocr_line' id='line_1_41' title="bbox 210 2899 1294 2946; baseline -0.002 -12"><span class='ocrx_word' id='word_1_311' title='bbox 210 2930 214 2934; x_wconf 85' lang='lat'>.</span> <span class='ocrx_word' id='word_1_312' title='bbox 253 2915 329 2944; x_wconf 79' lang='lat'>144·</span> <span class='ocrx_word' id='word_1_313' title='bbox 378 2904 448 2936; x_wconf 80' lang='lat' dir='ltr'><strong>iam</strong></span> <span class='ocrx_word' id='word_1_314' title='bbox 466 2903 532 2946; x_wconf 83' lang='lat' dir='ltr'><strong>diu,</strong></span> <span class='ocrx_word' id='word_1_315' title='bbox 551 2912 590 2935; x_wconf 84' lang='lat' dir='ltr'><strong>so</strong></span> <span class='ocrx_word' id='word_1_316' title='bbox 609 2901 753 2935; x_wconf 81' lang='lat' dir='ltr'><strong>Camer.</strong></span> <span class='ocrx_word' id='word_1_317' title='bbox 803 2900 886 2934; x_wconf 86' lang='lat' dir='ltr'><strong>The</strong></span> <span class='ocrx_word' id='word_1_318' title='bbox 906 2901 1011 2934; x_wconf 85' lang='lat' dir='ltr'>MSS.</span> <span class='ocrx_word' id='word_1_319' title='bbox 1030 2900 1119 2933; x_wconf 81' lang='lat' dir='ltr'><strong>have</strong></span> <span class='ocrx_word' id='word_1_320' title='bbox 1137 2906 1209 2932; x_wconf 81' lang='lat' dir='ltr'><strong>tam</strong></span> <span class='ocrx_word' id='word_1_321' title='bbox 1226 2899 1294 2933; x_wconf 86' lang='lat' dir='ltr'><strong>diu.</strong></span> 
     </span>
    </p>
   </div>
  </div>
 </body>
</html>
