1879 3248
283 283 343 321 civ
825 280 1256 321 PROLEGOMENA.

283 402 337 441 So
364 402 412 440 all
432 402 495 440 the
517 401 646 448 MSS„
666 401 865 452 including
883 402 919 441 A
932 415 942 449 ;
973 401 1017 441 B.
1038 401 1155 440 omits
1174 401 1273 451 quid.
1323 400 1436 440 Cure.
1459 400 1489 438 Ι.
1511 401 1559 438 iii.
1581 412 1628 438 10
1649 398 1704 450 (T
1707 399 1812 438 roch.

279 467 386 506 Tetr.
408 466 523 518 Cat.),

339 549 538 595 Palinure,
558 549 754 587 Palinure.
793 548 842 587 P.
869 548 1060 598 Eloquere,
1080 549 1172 598 quid
1189 554 1242 586 est
1258 548 1356 598 quod
1369 547 1601 586 Palinurum
1621 550 1753 586 voces?

281 631 394 682 Epid.
416 632 484 669 IV.
506 633 542 669 ii.
564 644 579 670 1
605 632 768 682 (Troch.
790 632 896 670 Tetr.
919 630 1034 681 Cat.),

339 715 444 761 Quid
458 719 518 760 est,
531 719 652 764 pater,
673 714 770 763 quod
785 727 837 751 me
855 714 1037 751 excivisti
1051 717 1133 751 ante
1151 713 1253 751 aedes
1265 715 1287 750 ‚³
1323 712 1374 750 P.
1411 712 1457 750 Vt
1473 716 1623 751 matrem
1643 716 1754 750 tuam.

335 795 394 834 Of
418 795 500 832 inde
528 807 570 832 as
599 806 622 832 a
647 795 929 844 monosyllable
955 806 1012 832 we
1041 806 1131 844 may
1157 794 1242 844 give
1271 793 1336 832 the
1364 793 1561 842 following
1590 793 1811 842 examples:

281 859 423 910 Amph.
445 859 475 897 Ῑ.
497 860 519 897 i.
543 873 565 907 4
588 859 727 911 (Iamb.
749 859 855 898 Tetr.
877 857 1018 909 Acat.),

458 931 552 979 Jn-de
580 955 666 980 cras
693 955 710 980 e
730 942 992 992 promptuaria
1021 941 1111 979 cella
1139 941 1334 991 depromar
1362 940 1415 978 ad
1426 940 1628 990 flagrum,-

283 1023 371 1062 Aul.
394 1023 446 1062 ΙΙ.
465 1024 526 1063 vii.
549 1037 571 1072 4
595 1022 774 1075 (Senar.),

594 1096 687 1145 I—nde
714 1111 846 1145 coctum
875 1119 1022 1144 sursum
1050 1105 1284 1144 subducemus
1311 1105 1496 1148 corbum,-

282 1187 386 1227 Pers.
409 1188 481 1227 ΙΙΙ.
502 1189 524 1227 i.
546 1189 610 1235 66,

626 1269 833 1309 Dabuntur
860 1271 952 1308 dotis
979 1270 1050 1308 tibi
1074 1260 1161 1308 W
1182 1270 1349 1308 sexcenti
1373 1269 1459 1318 logi,

281 1352 409 1390 where
429 1364 486 1390 we
506 1352 602 1390 have
623 1351 687 1389 the
707 1351 841 1390 choice
861 1351 906 1390 of
931 1352 1142 1401 absorbing
1167 1351 1236 1389 tibi
1259 1363 1304 1389 or
1322 1350 1368 1389 of
1386 1349 1546 1400 making
1566 1349 1647 1388 inde
1673 1361 1696 1386 a
1715 1349 1809 1398 long

282 1417 584 1468 monosyllable;
616 1416 726 1466 Capt.
748 1416 779 1454 Ι.
800 1417 836 1454 ii.
860 1430 878 1455 2
886 1427 908 1464 5
932 1416 1119 1464 (Senar.),

581 1489 674 1535 In—de
703 1510 755 1535 me
783 1499 951 1536 continuo
979 1500 1150 1549 recipiam
1179 1510 1313 1535 rursus
1341 1497 1508 1540 domum,-

283 1581 401 1619 Poen.
424 1579 525 1618 Prol.
549 1592 568 1617 2
594 1578 773 1631 (Senar.),

543 1652 642 1700 W
664 1662 719 1699 mi
735 1662 965 1712 principium
993 1661 1134 1711 capiam
1163 1673 1214 1699 ex
1241 1663 1284 1700 ὦ
1311 1661 1499 1710 tragoedia
1512 1674 1530 1704 ,-

282 1746 331 1784 V.
352 1746 401 1784 iii.
424 1757 472 1794 34
495 1742 675 1795 (Senar.),

494 1827 588 1864 Inde
608 1835 723 1876 porro
751 1826 804 1863 ad
819 1830 979 1876 puteum,
1008 1830 1114 1876 atque
1142 1826 1195 1864 ad
1221 1817 1407 1863 robustum
1435 1825 1594 1862 codicem.

283 1911 336 1950 So
357 1911 460 1957 unde,
481 1909 575 1949 Cist.
597 1909 648 1947 11.
670 1909 718 1947 iii.
740 1921 786 1958 19
809 1907 991 1960 (Senar.),

631 1991 727 2028 Vnde
754 1991 824 2029 tibi
848 1991 983 2028 talenta
1012 2003 1148 2040 magna
1177 1991 1316 2040 vzgrinti
1333 1995 1464 2039 pater,·

280 2073 389 2112 Trin.
411 2073 441 2112 Ι.
463 2073 498 2111 ii.
524 2074 596 2111 182
621 2071 802 2125 (Senar.),

512 2154 608 2192 Vnde
635 2155 789 2204 quidque
817 2155 983 2192 auditum
1012 2155 1162 2192 dzcant:
1198 2155 1275 2191 nisi
1300 2154 1343 2190 id
1366 2159 1544 2203 appareat
1555 2168 1571 2198 ,-

281 2237 400 2276 Poen.
421 2236 520 2275 Prol.
548 2249 621 2285 109
646 2235 827 2286 (Senar.),

563 2308 666 2355 Vnde
693 2319 753 2363 sit,
782 2319 955 2367 quoiam,
984 2322 1134 2367 captane
1161 2330 1211 2355 an
1239 2323 1409 2367 surrepta
1436 2320 1487 2356 sit
1496 2332 1515 2362 ‚-

279 2401 327 2439 V.
349 2401 384 2438 ii.
407 2411 457 2448 95
480 2397 661 2450 (Senar.),

422 2483 519 2520 Vnde
546 2494 625 2519 sum
655 2482 843 2520 oriundus.
900 2481 955 2519 H.
996 2480 1057 2518 Di
1082 2482 1165 2518 dent
1189 2481 1259 2519 tibi
1283 2495 1400 2519 omnes
1429 2495 1519 2532 quae
1547 2483 1646 2520 velis.

336 2564 466 2602 Three
509 2563 708 2613 examples
751 2575 814 2601 are
853 2563 998 2613 quoted
1037 2563 1082 2601 of
1116 2564 1270 2612 perinde
1312 2565 1400 2601 with
1443 2564 1506 2602 the
1554 2564 1804 2614 penultimate

281 2629 437 2680 syllable
471 2628 600 2666 short:
641 2628 778 2666 Pseud.
809 2628 860 2666 ΙΙ.
890 2629 913 2666 i.
945 2642 980 2674 4,
1014 2628 1139 2666 where
1174 2629 1237 2666 the
1271 2637 1391 2667 metre
1426 2630 1456 2667 is
1488 2642 1575 2679 very
1605 2629 1805 2676 doubtfu13

281 2693 398 2733 Stich.
420 2693 451 2731 1.
477 2693 513 2730 ii.
535 2705 597 2741 43,

386 2774 548 2812 Perinde
566 2774 704 2811 habetis
723 2776 835 2823 quasi
841 2779 1049 2824 praesentes
1071 2776 1156 2813 sint.
1204 2775 1253 2814 P.
1284 2775 1475 2814 Pudicitia
1495 2781 1555 2823 est,
1568 2782 1688 2826 pater,

275 2857 402 2894 where
430 2854 466 2892 A
493 2854 562 2892 has
582 2857 747 2904 proinde,
775 2857 961 2906 although
991 2857 1053 2895 the
1083 2865 1157 2896 rest
1187 2858 1232 2896 of
1257 2859 1320 2896 the
1352 2859 1466 2897 MSS.
1498 2859 1593 2897 have
1614 2860 1770 2908 perinde
1781 2873 1800 2904 ,-

277 2925 420 2962 Heaut.
443 2921 472 2960 Ι.
495 2921 530 2958 ii.
556 2933 616 2967 21,

432 3003 553 3054 Atque
579 3004 665 3042 haec
682 3006 833 3055 perinde
858 3011 946 3044 sunt
967 3012 1009 3043 ut
1032 3007 1136 3044 illius
1161 3008 1306 3044 animus
1325 3008 1392 3056 qui
1412 3020 1453 3044 ca
1471 3007 1638 3057 possidet,
