1879 3248
211 198 265 231 20
647 186 848 225 PLAVTI
889 187 971 227 ΜΟ
977 185 1245 225 STELLARI
1254 186 1295 224 Α.

267 330 338 369 8ο.
371 327 466 369 Vna
496 340 622 382 opera
654 329 754 368 ebur
784 333 1025 368 atramento
1055 327 1329 368 candefacere
1359 327 1560 381 postules.
1610 329 1616 331 ⁴

268 406 403 444 PHIL.
434 402 596 456 Lepide
621 402 781 442 dictum
809 402 861 442 de
885 408 1128 443 atramento
1156 408 1281 455 atque
1309 401 1459 442 ebore!
1520 400 1649 454 Euge,

386 476 538 531 plaudo
568 476 765 529 Scaphae.

267 553 354 590 PH.
386 550 501 590 Tum
532 555 577 589 tu
610 551 739 603 igitur
771 549 875 589 cedo
911 550 1210 603 purpurissum.
1237 546 1245 553 ”
1315 551 1387 590 Sc.
1430 549 1536 589 Non
1568 548 1647 588 do:

383 625 491 663 scita
521 636 564 662 es
595 629 641 662 tu
673 623 874 675 quidem3

209 699 341 740 Nova
372 700 538 753 pictura
568 698 825 751 interpolare
857 698 924 738 vis
954 710 1058 752 opus
1090 697 1445 751 lepidissumum?
1656 707 1736 751 105

210 773 317 813 Non
350 774 489 814 istanc
524 778 710 812 aetatem
740 777 907 826 oportet
939 773 1208 826 pigmentum
1238 771 1371 812 ullum
1402 771 1633 824 attingere,

210 849 365 902 Neque
415 860 640 901 cerussam,
691 860 826 899 neque
877 847 1102 900 melinum,
1154 859 1288 899 neque
1340 846 1470 885 aliam
1521 844 1651 884 ullam

381 923 594 964 offuciam.

209 997 329 1052 Cape
359 998 488 1050 igitur
519 996 747 1050 speculum.
836 999 972 1036 PHIL.
1007 995 1095 1035 Hei
1127 995 1235 1034 mihi
1268 995 1449 1035 misero:
1485 994 1650 1034 savium

383 1071 553 1126 speculo
584 1071 716 1111 dedit.

209 1146 363 1187 Nimis
408 1146 540 1186 velim
588 1145 791 1200 lapidem>
835 1146 905 1197 qui
953 1157 1031 1198 ego
1082 1145 1146 1184 illi
1197 1143 1368 1198 speculo
1413 1143 1651 1182 diminuam

383 1226 521 1274 caput.

266 1297 339 1336 Sc.
370 1295 576 1335 Linteum
598 1307 700 1348 cape
726 1300 849 1347 atque
878 1299 1049 1347 exterge
1071 1294 1151 1333 tibi
1175 1306 1338 1336 manus,
1420 1295 1507 1332 PH.
1534 1292 1649 1348 Qd

384 1370 461 1423 ita,
492 1382 667 1423 opsecro
683 1370 699 1410 ?
1658 1380 1673 1407 1
1688 1380 1739 1407 10

268 1444 341 1484 Sc.
373 1442 432 1484 Vt
464 1443 678 1497 speculum
710 1443 907 1496 tenuisti,
950 1448 1110 1496 metuo,
1156 1455 1208 1482 ne
1249 1442 1394 1482 oleant
1431 1447 1651 1494 argentum

382 1530 558 1558 manus:

210 1593 284 1633 Ne
315 1605 491 1646 usquam
522 1598 745 1646 argentum
777 1597 820 1631 te
851 1593 1064 1646 accepisse
1097 1592 1332 1646 suspicetur
1362 1591 1641 1632 Philolaches.

266 1670 402 1710 PHIL.
455 1667 562 1708 Non
607 1667 756 1707 videor
806 1666 964 1707 vidisse
1016 1667 1157 1706 lenam
1208 1666 1472 1707 callidiorem
1522 1667 1652 1706 ullam

381 1742 572 1782 alteram.

209 1817 268 1859 Vt
295 1817 435 1872 lepide
463 1824 588 1871 atque
616 1822 755 1858 astute
784 1818 827 1857 in
853 1822 1044 1857 mentem
1069 1818 1190 1858 venit
1213 1817 1264 1857 de
1292 1817 1462 1871 speculo
1488 1816 1651 1857 malae!

266 1895 353 1934 PH.
386 1891 586 1933 Etiamne
613 1892 842 1945 unguentis
867 1892 1136 1945 unguendam
1159 1893 1338 1933 censes?
1428 1893 1500 1933 Sc.
1533 1891 1653 1931 Min-

381 1979 479 2006 ume
510 1966 677 2006 feceris.
1658 1975 1738 2019 115

266 2042 353 2080 PH.
391 2040 691 2097 Qapropter?
781 2041 853 2081 SC.
889 2039 1004 2097 Qia
1033 2045 1197 2080 ecastor
1226 2040 1377 2080 mulier
1407 2044 1519 2079 recte
1548 2039 1651 2092 olet,

382 2115 453 2153 ubi
487 2114 596 2153 nihil
627 2114 728 2154 olet.

262 2295 338 2318 102.
390 2283 422 2317 R
441 2284 570 2318 inserts
587 2283 695 2317 hercle
712 2283 807 2317 after
822 2283 902 2317 ebur
919 2283 1055 2326 against
1073 2282 1134 2316 the
1154 2283 1260 2317 MSS.

262 2343 339 2373 104.
387 2331 483 2365 ebure
501 2331 542 2365 B.
686 2332 780 2375 Euge
797 2330 934 2375 plaudo,
960 2341 1000 2363 so
1025 2329 1088 2364 the
1108 2330 1213 2364 MSS.
1286 2331 1381 2374 Euge
1397 2329 1574 2374 adplaudo,
1594 2330 1738 2375 Scapha.

210 2378 324 2466 1301th
331 2377 644 2470 .Κ.Ιερρἱιίἰ;.τὶηιιιηι
664 2424 706 2458 C.
779 2424 1016 2468 lepidissimum
1033 2423 1095 2457 the
1113 2427 1198 2457 rest.

263 2481 339 2511 107.
390 2484 487 2515 neque
519 2471 686 2513 melinum,
721 2482 761 2504 so
794 2471 856 2504 the
892 2471 998 2504 MSS.
1070 2470 1273 2504 melinumve
1304 2469 1348 2504 R.
1491 2470 1597 2504 ullam
1629 2469 1738 2503 aliam

212 2518 355 2551 Camer.
390 2518 494 2560 Vulg.
527 2518 590 2552 W.
664 2518 747 2551 The
782 2518 887 2551 MSS.
930 2517 1019 2551 have
1060 2517 1166 2551 aliam
1208 2517 1324 2550 ullam.
1478 2518 1632 2563 cffuciam
1667 2517 1738 2550 DC.

209 2565 369 2610 effugiam
388 2564 525 2599 BCDa.
1687 2589 1699 2603 0

264 2622 340 2652 109.
388 2612 513 2655 speculo
530 2611 729 2654 diminuam,
749 2622 788 2644 so
808 2612 952 2645 Camer.
1023 2610 1187 2655 speculum
1204 2611 1273 2644 dim
1291 2611 1422 2643 minuat
1440 2610 1503 2645 Ba.
1574 2611 1738 2655 speculum

209 2658 395 2691 dimminud
430 2657 495 2691 Bb.
590 2659 715 2702 speculo
747 2659 927 2691 imminuat
961 2658 1063 2691 CDa.
1162 2658 1193 2690 R
1228 2657 1362 2691 retains
1394 2657 1456 2691 the
1494 2657 1738 2702 orthography

210 2704 444 2737 dimminuam.

263 2762 275 2784 1
288 2762 299 2783 1
312 2762 340 2784 1.
389 2750 508 2793 oleant,
526 2760 566 2783 so
583 2751 645 2784 the
665 2751 770 2785 MSS.
843 2750 933 2784 olant
954 2751 997 2785 R.

263 2808 275 2830 1
288 2808 340 2838 13.
389 2797 516 2830 alteras
536 2797 632 2831 BaC.
704 2798 830 2830 alter-ds
851 2798 898 2831 D.

264 2855 275 2875 1
288 2855 339 2884 14.
388 2844 511 2888 speculo
529 2844 616 2877 male
633 2843 674 2885 13,
693 2844 809 2878 which
828 2844 861 2877 in
882 2845 950 2878 CD
971 2845 997 2877 is
1016 2844 1210 2888 corrupted
1229 2845 1306 2878 into
1322 2844 1446 2889 speculo
1464 2856 1570 2878 mane.

265 2901 341 2931 ¹15·
390 2891 525 2924 minime
542 2890 604 2924 the
623 2889 728 2925 MSS.
