1879 3248
569 205 746 244 ACTVS
788 207 817 244 I.
891 206 1068 244 SCENA
1108 207 1181 244 III.
1584 218 1633 259 15

161 332 247 370 PH.
309 328 427 369 Nolo
485 341 563 382 ego
623 328 730 368 mihi
792 328 903 368 male
963 335 1023 381 te,
1082 327 1257 382 Scapha,
1318 330 1571 383 praecipere.

269 404 341 444 Sc.
380 402 516 444 Stulta
547 416 592 443 es
623 403 764 457 plane,

97 477 218 534 Qae
255 478 377 518 illum
407 477 491 518 tibi
532 484 752 518 aeternum
783 483 905 531 putes
945 476 1034 517 fore
1076 477 1264 517 amicum
1295 483 1339 517 et
1371 477 1572 517 benevol-

266 559 424 594 entem.

92 627 255 668 Moneo
285 641 363 681 ego
393 634 464 670 te:
506 633 550 668 te
583 628 656 668 ille
688 627 853 668 deseret
884 633 1024 667 aetate
1056 633 1099 667 et
1131 627 1349 668 satietate.

148 703 236 742 PH.
278 701 386 742 Non
420 714 554 755 spero,
645 703 718 742 Sc.
760 701 979 756 Insperata
1015 701 1215 742 accidunt
1252 702 1389 755 magis
1425 714 1565 755 saepe,

262 788 403 829 quam,
433 788 540 828 quae
570 788 724 829 speres.
891 830 894 832 -
1567 790 1624 828 40

88 846 320 902 Postremo,
349 849 385 888 si
416 847 547 888 dictis
578 849 728 902 nequis
759 848 947 902 perduci,
978 854 1024 888 ut
1055 861 1155 888 vera
1186 849 1288 888 haec
1319 848 1480 903 credas,

89 921 194 962 Mea
222 922 339 962 dicta
379 935 430 962 ex
463 922 590 962 factis
632 935 789 976 nosce,
830 935 919 961 rem
952 922 1089 976 vides,
1120 936 1226 976 quae
1270 923 1352 962 sim
1385 934 1427 963 et
1457 936 1563 977 quae

260 995 321 1035 fui
353 1002 468 1036 ante.

87 1067 244 1108 Nihilo
283 1082 379 1123 ego,
420 1081 547 1122 quam
588 1082 701 1109 nunc
742 1074 804 1122 tu,
836 1081 928 1108 sum
969 1075 1112 1108 amata
1153 1074 1278 1122 atque
1320 1070 1394 1108 uni
1437 1069 1562 1110 modo

256 1143 368 1195 gessi
400 1155 578 1196 morem,

84 1214 171 1270 Q
204 1215 272 1270 pol
303 1228 388 1270 me,
420 1216 491 1255 ubi
522 1221 666 1256 aetate
696 1215 777 1256 hoc
807 1221 932 1270 caput
964 1215 1148 1256 colorem
1180 1216 1483 1270 commutavit,

82 1289 279 1343 Reliquit
309 1290 575 1343 deseruitque
607 1303 688 1330 me.
749 1290 854 1330 Tibi
887 1290 1002 1330 idem
1032 1290 1218 1330 futurum
1249 1292 1388 1332 credo.
1559 1304 1616 1347 45

138 1366 274 1405 PHIL.
306 1363 391 1404 Vix
416 1364 685 1418 comprimor,
706 1364 811 1416 quin
834 1364 1022 1403 involem
1045 1364 1109 1403 illi
1139 1365 1183 1403 in
1210 1364 1353 1404 oculos
1384 1365 1553 1405 stimul-

253 1438 392 1479 atrici.

137 1514 224 1552 PH.
275 1512 415 1553 Solam
467 1512 532 1552 illi
587 1525 655 1551 me
705 1512 785 1552 soli
837 1525 990 1552 censeo
1040 1525 1131 1552 esse
1191 1519 1386 1566 oportere
1436 1526 1556 1567 opse-

251 1592 471 1639 quentern,

77 1657 218 1699 Solam
250 1659 324 1698 ille
355 1671 423 1698 me
455 1659 534 1699 soli
568 1659 648 1699 sibi
681 1671 756 1699 suo
795 1660 1007 1715 [argento]
1047 1660 1260 1702 liberavit.

134 1735 270 1775 PHIL.
312 1733 417 1774 Proh
450 1734 494 1773 di
528 1734 806 1789 immortales,
838 1735 1060 1775 mulierem
1098 1735 1281 1789 lepidam
1317 1740 1360 1775 et
1401 1735 1554 1789 pudico

250 1810 427 1862 ingenio
446 1809 454 1850 !

77 1882 192 1923 Bene
242 1882 381 1922 hercle
431 1882 608 1937 factum,
657 1888 700 1922 et
750 1883 927 1937 gaudeo,
977 1884 1084 1923 mihi
1136 1884 1244 1924 nihil
1287 1897 1377 1924 esse
1427 1884 1549 1924 huius

247 1968 385 1996 causa.
1551 1968 1607 2012 50

123 2142 177 2174 37.
226 2133 310 2166 mihi
329 2132 371 2166 Z.
445 2134 509 2166 mei
530 2132 700 2167 BaCDF.
773 2135 837 2174 mei
863 2133 928 2166 Bb.
1005 2135 1052 2167 mi
1072 2134 1116 2168 R.
1260 2142 1290 2167 te
1315 2135 1452 2178 scapha,
1478 2146 1518 2168 so
1543 2135 1606 2169 the

74 2177 180 2213 MSS.
252 2186 284 2212 te
300 2193 374 2213 mea
392 2180 522 2225 Scapha
543 2179 586 2213 R.
726 2181 892 2223 precipere
911 2180 951 2214 B.

122 2229 176 2267 38.
218 2233 314 2271 putes
334 2226 374 2260 B.
448 2227 532 2260 The
552 2231 625 2260 rest
642 2226 684 2260 of
697 2226 759 2260 the
781 2227 886 2260 MSS.
906 2227 993 2260 have
1006 2235 1122 2271 putas.

121 2283 176 2314 39.
224 2273 347 2306 deseret
364 2272 418 2306 ille
436 2273 559 2317 Pylad.
575 2273 680 2315 Vulg.
821 2275 980 2307 sacietate
999 2274 1072 2307 BC.

119 2330 175 2360 40.
223 2327 294 2363 sepe
312 2319 386 2352 BC.
530 2332 588 2363 que
606 2320 648 2353 C.

119 2376 175 2406 4²-
223 2366 330 2407 vides,
349 2376 388 2399 so
406 2365 468 2398 the
488 2365 594 2400 MSS.
666 2366 746 2399 vide
764 2366 826 2400 W.
901 2365 932 2398 R
951 2366 1034 2399 thus
1052 2367 1233 2400 remodels
1251 2367 1312 2401 the
1331 2368 1450 2401 line—-

204 2429 259 2462 Ex
285 2428 388 2462 factis
414 2439 523 2463 nosce
550 2439 649 2463 rem:
683 2429 776 2470 vide,
803 2440 871 2472 ego
897 2440 989 2473 quae
1014 2430 1080 2463 sim
1108 2435 1145 2463 et
1171 2441 1263 2474 quae
1290 2430 1340 2464 fui
1368 2435 1464 2465 ante.

117 2501 174 2532 43.
225 2491 272 2523 So
289 2490 352 2524 the
371 2491 476 2525 MSS.
548 2499 670 2525 amata
687 2505 760 2525 sum
779 2491 840 2526 W.
917 2492 947 2525 R
967 2492 1050 2526 thus
1068 2493 1248 2526 remodels
1265 2492 1327 2526 the
1346 2493 1464 2526 line—

203 2553 324 2586 Nihilo
350 2564 418 2596 ego
442 2565 520 2588 sum
546 2559 664 2589 amata
688 2555 809 2597 setius,
836 2559 944 2598 atque
970 2556 1030 2588 uni
1057 2556 1146 2598 gessi
1174 2566 1326 2589 morem.

117 2628 174 2658 45.
223 2616 327 2658 credo,
345 2627 385 2650 so
402 2616 464 2650 the
483 2617 589 2652 MSS.
661 2619 754 2651 crede
771 2618 908 2652 Acidal.
923 2618 1026 2661 Vulg.
1048 2618 1092 2652 R.

117 2674 173 2703 47.
222 2662 335 2696 Solam
361 2663 412 2696 illi
439 2677 490 2696 me
515 2664 587 2706 soli,
617 2675 657 2698 so
685 2665 829 2698 Camer.
855 2665 958 2708 Vulg.
982 2665 1044 2699 W.
1118 2665 1230 2699 Solam
1256 2665 1306 2698 illi
1333 2678 1401 2698 meo
1427 2665 1489 2698 soli
1517 2664 1597 2697 BD.

68 2709 180 2743 Solam
198 2707 250 2753 illi
267 2721 336 2742 meo
351 2709 412 2743 soli
429 2710 480 2743 illi
499 2711 540 2743 C.
614 2711 726 2745 Solam
744 2724 795 2744 me
811 2711 872 2744 soli
892 2711 935 2745 R.
1079 2719 1299 2756 opsequentem
1320 2711 1361 2745 B.

116 2759 174 2797 48.
226 2756 258 2789 R
292 2756 410 2798 places
444 2759 486 2797 48
521 2755 648 2790 before
682 2768 738 2798 47.
803 2757 879 2791 Not
917 2769 957 2791 so
990 2758 1052 2791 the
1088 2758 1193 2792 MSS.
1335 2770 1392 2790 suo
1428 2755 1596 2800 [argento]

68 2801 245 2835 liberavit.
318 2801 402 2835 The
432 2802 538 2837 MSS.
567 2802 656 2836 have
684 2804 811 2847 simply
837 2817 894 2837 suo
921 2804 1095 2838 liberavit.
1170 2806 1277 2838 Some
1305 2803 1418 2844 word,
1446 2803 1533 2835 such
1561 2813 1599 2835 as

67 2855 221 2892 argento,
251 2855 394 2892 sumptu,
420 2861 507 2890 aere,
544 2849 572 2882 is
600 2850 770 2893 required
799 2854 840 2883 to
870 2851 1050 2894 complete
1087 2851 1149 2884 the
1183 2851 1264 2894 line,
1298 2849 1369 2884 and
1397 2849 1479 2883 edd.
1510 2848 1599 2882 have

68 2894 227 2937 adopted
246 2904 315 2928 one
333 2904 375 2927 or
393 2895 499 2928 other
516 2894 557 2929 of
570 2895 671 2929 these
691 2896 885 2940 according
902 2900 941 2930 to
958 2897 1052 2931 their
1069 2896 1186 2940 fancy.
