1879 3248
304 221 357 262 80
740 224 940 263 PLAVTI
981 225 1386 265 MOSTELLARIA.

300 350 561 392 Philolaches
598 351 684 390 iam
716 349 786 390 hic
818 350 967 390 aderit.
1071 353 1150 390 TH.
1193 350 1351 406 Edepol
1386 352 1492 393 mihi
1530 359 1766 408 opportune

472 424 662 464 advenit.

299 498 509 539 Nostrum
540 510 618 551 ego
648 498 758 538 hunc
789 498 982 538 vicinum
1007 499 1160 552 opinor
1190 511 1281 540 esse
1312 500 1532 541 hominem
1563 501 1765 543 audacem

472 578 515 613 et
546 573 719 612 malum.
1773 586 1825 631 15

362 650 441 688 TR.
465 646 687 702 Qidum?
763 647 843 685 TH.
867 644 953 701 Qi
976 655 1103 698 negat
1126 646 1296 686 novisse
1318 659 1404 689 vos.
1486 650 1566 689 TR.
1588 648 1765 702 Negat?

478 722 557 760 TH.
592 719 690 759 Nec
722 730 798 758 vos
829 719 913 758 sibi

300 794 495 834 Numum
535 805 734 846 umquam
782 793 948 846 argenti
990 793 1171 833 dedisse.
1264 796 1342 834 ΤΗ.
1386 794 1486 848 Abi,
1529 793 1639 835 ludis
1680 808 1764 851 me,

471 866 606 907 credo,
687 865 815 905 Haud
849 870 988 919 negat.

360 943 437 981 TH.
472 939 588 996 Qid
622 940 740 980 iam?
843 942 924 981 TR.
961 939 1072 994 Scio,
1106 940 1261 981 iocaris
1295 953 1408 981 nunc
1441 950 1513 980 tu:
1554 953 1653 981 nam
1690 941 1765 982 ille

468 1013 639 1067 quidem
672 1013 779 1053 haud
813 1019 954 1066 negat.

360 1090 438 1129 TH.
479 1086 573 1127 Imo
609 1087 758 1141 edepol
791 1093 917 1140 negat
953 1087 1171 1141 profect03
1222 1100 1358 1141 neque
1399 1101 1442 1128 se
1484 1088 1608 1129 hasce
1647 1089 1765 1130 aedis

468 1161 702 1202 Philolachi

296 1235 566 1277 Vendidisse.
651 1239 731 1277 ΤΚ.
774 1235 880 1290 Eho,
912 1248 968 1276 an
1004 1236 1193 1289 negavit,
1229 1235 1313 1275 sibi
1345 1235 1490 1276 datum
1525 1242 1763 1291 argentum,

468 1310 674 1363 opsecro?
1766 1323 1820 1355 20

358 1385 436 1425 ΤΗ.
470 1383 557 1440 Qi
605 1382 896 1423 iusiurandum
932 1383 1151 1438 pollicitus
1189 1389 1253 1424 est
1284 1383 1383 1424 dare
1424 1397 1484 1439 se,
1518 1385 1552 1424 si
1590 1384 1763 1439 vellem,

469 1457 595 1510 mihi,

296 1530 452 1584 Neque
498 1544 543 1571 se
584 1531 708 1571 hasce
755 1530 873 1572 aedis
912 1531 1170 1586 vendidisse,
1222 1544 1358 1586 neque
1405 1533 1491 1573 sibi
1538 1539 1761 1587 argentum

467 1605 614 1646 datum
646 1619 749 1646 esse.

293 1679 400 1720 Dixi
441 1691 519 1733 ego
560 1679 670 1720 istuc
711 1679 827 1720 idern
868 1679 948 1719 illi.
1041 1681 1121 1721 TR.
1155 1679 1272 1737 Qid
1311 1680 1406 1722 ait?
1493 1682 1573 1722 ΤΗ.
1613 1680 1761 1723 Servos

466 1753 686 1808 pollicitus
719 1759 783 1794 est
815 1753 913 1794 dare

291 1828 393 1870 Suos
415 1829 521 1868 mihi
543 1840 693 1868 omnes
713 1829 970 1881 quaestioni.
1038 1829 1119 1869 ΤΚ.
1151 1827 1325 1882 Nugas!
1361 1840 1588 1882 numquam
1610 1829 1759 1884 edepol

465 1901 597 1942 dabit.

342 2138 395 2168 14.
445 2126 474 2160 C
501 2126 654 2170 entirely
679 2126 786 2160 omits
811 2126 881 2160 this
906 2126 988 2160 line.
1130 2133 1306 2171 opportune
1329 2128 1377 2160 mi
1402 2127 1433 2160 R
1459 2127 1596 2170 against
1620 2128 1683 2162 the
1707 2128 1814 2163 MSS.

286 2181 444 2219 opurtune
462 2173 503 2207 B.
645 2174 787 2206 advenit
807 2174 848 2207 Z.
920 2173 1079 2206 advenies
1098 2172 1179 2206 BD.
1251 2174 1409 2207 advenie’t
1430 2174 1471 2208 F.

341 2249 393 2280 15.
442 2236 649 2280 huchulg.
722 2238 784 2270 hac
804 2237 846 2270 z.
919 2237 980 2269 huc
1000 2236 1107 2270 BCF.
1180 2225 1237 2270 [αξξ.
1257 2236 1305 2269 D.

341 2297 394 2329 16.
444 2296 533 2340 Quia
551 2301 652 2339 negat
669 2294 777 2328 Both.
798 2294 842 2337 R,
861 2294 997 2337 against
1014 2294 1076 2359 the
1096 2294 1201 2328 MSS.
1344 2294 1461 2327 novise
1479 2293 1578 2351 BaC.
1680 2339 1731 2361 Na

342 2378 394 2408 17.
444 2368 697 2411 IVummriquam
716 2366 811 2399 BaC.
885 2366 1138 2410 IVummziquam
1157 2366 1223 2400 Bb.
1295 2366 1513 2409 Miumquam
1536 2367 1606 2402 Da.
1677 2368 1812 2401 Naum-

289 2427 389 2458 quam
409 2414 478 2447 Dc.
620 2415 754 2457 argenti
778 2413 852 2446 FZ.
924 2415 1075 2457 argentei
1091 2413 1231 2446 BbCD.
1303 2414 1430 2457 argetei
1447 2412 1510 2446 Ba.

342 2464 394 2494 18.
445 2460 537 2494 This
563 2460 633 2494 line
661 2461 689 2493 is
716 2459 828 2493 found
858 2459 892 2492 in
922 2459 962 2501 B,
985 2460 1050 2493 but
1075 2460 1103 2493 is
1127 2459 1282 2493 omitted
1308 2460 1342 2492 in
1367 2460 1429 2492 the
1456 2464 1530 2492 rest
1555 2459 1598 2493 of
1616 2459 1679 2494 the
1706 2460 1812 2495 MSS.

291 2507 341 2540 W
374 2507 543 2541 brackets
577 2507 615 2541 it.
765 2506 886 2540 locaris
920 2505 983 2540 Ba.
1059 2506 1090 2539 R
1125 2507 1188 2540 has
1220 2507 1304 2540 haut
1335 2506 1446 2550 edepol
1475 2513 1587 2551 negat.
1728 2508 1813 2541 haut

289 2561 390 2598 negat
408 2554 470 2587 Ba.
543 2553 637 2586 haud
650 2560 750 2597 negat
769 2553 835 2587 Bb.

341 2612 393 2642 19.
441 2601 539 2633 hasce
555 2600 645 2633 aedis
660 2600 753 2632 DbF
759 2600 801 2633 Ζ.
872 2600 935 2634 has
952 2600 1036 2633 cedis
1051 2600 1155 2634 CDa.
1226 2600 1289 2634 has
1304 2624 1312 2633 .
1325 2599 1428 2643 aedis,
1439 2599 1526 2634 with
1543 2610 1588 2633 an
1606 2609 1751 2634 erasure
1768 2599 1812 2634 B.

286 2647 349 2680 has
366 2646 455 2680 aedis
471 2647 574 2689 Vulg.
587 2646 650 2680 W.

337 2703 392 2726 21.
441 2693 507 2736 Qui
525 2693 638 2726 BCD.
712 2693 800 2737 Quin
818 2696 912 2726 most
930 2692 1012 2726 edd.
1033 2692 1130 2726 RW.

335 2750 390 2772 22.
438 2740 528 2772 aedis
557 2738 672 2783 (acc.)
705 2739 749 2772 all
783 2738 833 2783 (C
859 2738 959 2783 edis).
1101 2739 1219 2772 datum
1251 2751 1318 2772 esse
1345 2738 1540 2772 BchFZ.
1611 2738 1730 2772 datum
1761 2745 1811 2772 est

286 2784 444 2819 BaCDa.
516 2786 633 2819 datum
661 2785 785 2828 Pylad.
805 2785 907 2827 Vulg.
979 2797 1046 2818 esse
1069 2793 1247 2830 argentum
1272 2786 1390 2819 datum
1409 2785 1470 2819 W.
1542 2784 1606 2818 sibi
1629 2791 1808 2830 argentum

282 2832 400 2866 datum
421 2831 464 2865 R.
541 2831 584 2874 R,
611 2832 793 2874 following
820 2832 1011 2874 Acidalius,
1037 2843 1208 2876 supposes
1232 2832 1311 2866 that
1335 2842 1356 2866 a
1381 2831 1452 2866 line
1477 2831 1506 2865 is
1530 2832 1689 2875 wanting
1712 2831 1808 2866 after

283 2889 315 2912 ν.
336 2890 391 2912 22.

333 2936 387 2966 24.
437 2936 543 2958 omnes
562 2922 677 2968 (acc.)
695 2925 750 2957 all.
