1879 3248
216 228 292 268 252
649 220 847 259 PLAVTI
894 222 1295 262 MOSTELLARIA.

265 342 352 381 The
382 343 576 393 following
606 346 802 395 examples
828 347 899 384 will
923 347 971 386 be
1001 349 1188 386 rendered
1218 350 1437 399 intelligible
1463 350 1513 399 by
1534 349 1634 387 what
1661 349 1731 386 has

210 409 309 445 been
330 409 433 446 said:
463 408 580 448 Most.
603 409 670 447 IV.
692 410 714 448 i.
735 423 778 448 12
804 413 903 458 (10),
930 411 974 449 Vt
990 413 1110 450 adhuc
1120 413 1218 462 fuit,
1241 414 1336 450 mihi
1350 415 1486 451 corium
1505 427 1577 452 esse
1602 417 1736 463 oportet

211 471 417 518 Sincerum,
444 478 549 523 atque
576 480 618 511 ut
643 479 751 512 votem
781 476 1004 519 verberari‚·
1039 477 1087 514 cf.
1109 477 1138 514 Ι.
1166 478 1188 514 i.
1212 480 1273 526 36,
1303 478 1370 516 IV.
1395 479 1417 516 i.
1442 488 1488 526 27
1513 476 1611 529 (24),
1633 477 1682 515 V.
1706 478 1730 515 i.

214 550 260 585 19
296 538 347 584 (ii.
376 540 430 584 4),
465 538 567 576 Pers.
595 539 669 576 ΙΙΙ.
696 540 717 576 i.
746 552 807 587 33,
843 539 976 577 Herus
1008 542 1048 577 si
1075 543 1235 578 minatus
1267 546 1320 579 est
1351 543 1487 580 malum
1519 555 1623 580 servo
1654 554 1731 587 suo,

212 601 419 639 Tamenetsi
447 603 490 639 id
502 603 687 653 ficturum
716 616 786 640 non
814 609 873 649 est,
903 604 971 641 ubi
992 611 1134 653 captum
1167 610 1220 642 est
1237 607 1422 656 flagrum,
1453 606 1556 644 Dum
1590 608 1732 644 tunicas

200 668 314 714 ponit,
348 671 485 715 quanta
517 668 694 717 afficitur
726 669 874 706 miseria
889 672 906 704 !
945 668 1055 718 Capt.
1086 670 1159 707 III.
1191 671 1236 707 iv,
1270 684 1283 708 1
1298 680 1355 718 17,
1396 671 1467 709 Vae
1500 672 1576 709 illis
1608 671 1732 720 vergis

209 732 350 768 miseris
377 744 469 780 quae
489 731 597 778 ‚hodie
624 732 663 768 in
690 736 789 782 tergo
816 735 1016 771 morientur
1044 747 1116 772 meo
1130 738 1147 771 !
1180 737 1246 774 As.
1275 736 1347 774 ΙΙΙ.
1375 737 1410 774 ii.
1442 738 1502 781 28,
1540 736 1611 773 Vbi
1631 743 1734 784 saepe

208 796 261 831 ad
283 796 494 845 languorem
522 801 587 833 tua
616 797 758 834 duritia
786 798 929 835 dederis
956 804 1028 836 octo
1068 799 1212 837 Validos
1242 801 1383 838 lictores
1416 802 1543 839 ulmet's
1574 801 1732 851 adfectos

207 860 312 897 lentis
343 861 488 910 virgis,·
528 860 666 899 Pseud.
697 861 727 898 Ι.
757 862 791 900 ii.
822 875 882 908 20,
912 863 1003 900 IJuc
1034 864 1194 902 adhibete
1225 878 1347 911 aures,
1376 878 1466 914 quae
1497 878 1558 915 ego
1588 866 1731 914 loquar,

199 925 398 975 plagzgrera
426 938 562 975 genera
595 925 792 973 hominum,
825 926 1041 977 Numquam
1075 930 1193 978 edepol
1227 935 1386 967 vostrum
1425 931 1557 968 durius
1589 935 1730 980 tergum

206 991 285 1036 erit,
314 1003 423 1039 quam
452 991 633 1040 terginum
663 991 728 1028 hoc
756 1004 895 1036 meum,·
929 992 1042 1042 Epid.
1068 993 1098 1031 1.
1126 994 1147 1031 i.
1177 995 1238 1040 84,
1269 996 1406 1032 corium
1429 995 1605 1044 perdidi:
1645 1007 1730 1032 nam

208 1055 275 1092 ubi
296 1067 409 1093 senex
437 1057 591 1093 senserit
615 1055 702 1093 Sibi
722 1056 808 1094 data
834 1070 905 1094 esse
929 1058 1051 1104 verba,
1077 1059 1200 1108 virgis
1226 1060 1372 1097 dorsum
1399 1060 1565 1109 despoliet
1589 1071 1730 1104 meum:

205 1132 239 1157 v.
273 1131 333 1167 25,
377 1119 419 1158 T.
452 1120 510 1158 At
543 1133 656 1158 unum
694 1134 718 1158 a
747 1127 931 1170 praetura
965 1127 1039 1168 tua,
1075 1122 1237 1172 Epidice,
1271 1124 1376 1162 abest.
1429 1124 1478 1163 E.
1512 1124 1696 1171 Quidnam
1710 1127 1732 1161 ,θ

211 1184 252 1223 Τ.
284 1184 408 1223 Scies:
438 1185 603 1223 Lz'ctores
629 1186 707 1232 duo,
731 1187 800 1223 duo
825 1188 977 1224 viminei
982 1187 1114 1236 fasces
1140 1189 1362 1238 ningat-uin,-
1393 1189 1509 1228 Most.
1531 1189 1599 1228 IV.
1620 1190 1655 1227 ii.
1680 1191 1728 1227 26

208 1252 307 1299 (23),
335 1249 456 1287 Mane
480 1250 676 1300 castigabit
699 1263 754 1288 eos
780 1251 923 1288 bubulis
947 1253 1123 1296 e.2·uz·1‘1·s,·
1159 1253 1276 1290 Poen.
1303 1254 1334 1290 I.
1360 1254 1381 1291 i.
1409 1267 1467 1299 10,
1494 1253 1612 1291 qunc
1637 1254 1734 1290 mihi

206 1316 435 1353 blandidicus
463 1328 509 1360 es,
533 1315 618 1352 heri
643 1317 681 1352 in
709 1320 807 1366 tergo
835 1329 907 1354 meo
931 1315 1020 1354 Tris
1032 1317 1155 1366 facile
1182 1319 1295 1355 corios
1323 1320 1532 1356 contrivisti
1556 1318 1728 1362 bubulos,-

206 1381 283 1418 and
303 1380 426 1418 hence
446 1380 531 1417 Aul.
554 1380 621 1417 IV.
643 1381 664 1418 i.
683 1391 741 1428 15,
763 1383 876 1419 censio
895 1382 1054 1425 bubula,·
1085 1383 1192 1420 Trin.
1215 1383 1283 1420 IV.
1306 1384 1353 1420 iii.
1377 1397 1411 1430 4,
1433 1384 1560 1421 bubuli
1575 1384 1727 1427 cottabi,-

203 1446 306 1484 Pers.
330 1445 380 1482 ΙΙ.
409 1446 453 1482 iv.
481 1458 539 1490 11,
563 1444 718 1483 Caedere
745 1447 847 1483 hodie
874 1451 914 1484 tu
944 1448 1120 1491 restibus,·
1155 1448 1268 1486 Phor.
1290 1449 1319 1486 I.
1345 1450 1378 1486 ii.
1406 1451 1466 1495 26,
1496 1448 1590 1487 Seni
1602 1450 1730 1499 fidelis

204 1513 289 1548 ctum
313 1523 405 1556 sum,
425 1510 595 1559 scapulas
608 1512 781 1558 perdidi,-
811 1511 888 1549 and
913 1524 956 1549 so
977 1512 1084 1550 Trin.
1107 1513 1175 1550 IV.
1198 1513 1244 1551 iii.
1270 1526 1302 1559 2,
1330 1527 1372 1551 ne
1397 1518 1508 1552 metus
1532 1516 1730 1552 exoriatur

202 1576 388 1626 scapulis;
423 1575 543 1613 Poen.
574 1576 604 1612 I.
632 1576 653 1614 i.
684 1586 744 1623 25,
773 1589 868 1614 meae
895 1578 988 1614 istuc
1014 1579 1185 1626 scapulae
1211 1580 1391 1623 sentiunt,·
1427 1579 1530 1617 Pers.
1558 1579 1587 1617 Ι.
1616 1580 1639 1618 i.
1666 1592 1729 1628 32,

213 1643 291 1681 Valz
306 1645 323 1678 !
355 1643 429 1678 iam
457 1642 624 1689 scapulae
648 1643 844 1690 pruriunt,
874 1644 962 1691 quia
991 1648 1022 1679 te
1054 1645 1162 1680 istaec
1189 1645 1323 1681 audivi
1351 1645 1458 1694 loqui,
1486 1644 1576 1682 with
1604 1645 1729 1682 which

202 1719 384 1756 compare
414 1705 495 1743 Mil.
524 1705 574 1742 II.
600 1706 645 1742 iv.
669 1719 732 1752 44,
765 1705 886 1743 Timeo
914 1708 1006 1755 quid
1030 1721 1155 1744 rerum
1177 1711 1367 1758 gesserim,
1397 1710 1448 1746 ita
1477 1710 1608 1746 dorsus
1635 1714 1729 1748 totus

193 1773 353 1821 prurit,·
388 1771 489 1809 Pers.
518 1770 586 1808 IV.
608 1771 679 1808 viii.
706 1783 738 1817 1,
769 1770 972 1809 Transcidi
992 1773 1082 1810 loris
1111 1786 1239 1819 omnes,
1265 1774 1469 1819 adveniens,
1496 1775 1615 1818 domi‚·
1649 1775 1727 1813 and

201 1851 246 1876 so
273 1837 384 1876 Adel.
413 1837 463 1875 II.
491 1837 512 1874 i.
539 1838 599 1883 28,
629 1849 738 1886 usque
765 1837 820 1874 ad
848 1851 959 1875 necem
994 1838 1169 1887 obperiere
1196 1839 1314 1883 loris,·
1350 1839 1466 1877 Truc.
1496 1839 1563 1877 IV.
1592 1841 1640 1877 iii.
1668 1853 1726 1888 19,

200 1902 286 1940 Iam
306 1903 455 1939 livorem
475 1906 546 1939 tute
570 1903 730 1951 scapulis
757 1903 843 1940 istoc
868 1904 1061 1940 concinnas
1085 1904 1184 1947 tuis‚·
1220 1903 1357 1942 Pseud.
1380 1905 1408 1942 I.
1432 1905 1466 1942 ii.
1492 1918 1549 1951 12,
1577 1904 1640 1942 Ita
1664 1918 1728 1955 ego

200 1973 323 2005 vostra
352 1968 470 2005 latera
499 1967 593 2004 loris
607 1967 761 2018 faciam
790 1972 831 2005 ut
857 1968 976 2005 valide
1003 1970 1113 2006 varia
1142 1970 1258 2012 sien&
1295 1969 1395 2008 Rud.
1417 1970 1485 2007 IV.
1507 1971 1555 2007 iii.
1579 1972 1641 2016 60,
1668 1969 1726 2008 Tu

199 2033 316 2070 hercle
335 2034 461 2081 opinor
482 2033 520 2069 in
540 2033 704 2069 vidulum
725 2037 756 2070 te
769 2033 902 2081 piscem
922 2038 1114 2079 convortes,
1131 2035 1211 2071 nisi
1225 2047 1339 2081 caves,
1355 2035 1442 2072 Fiet
1457 2035 1526 2072 tibi
1532 2036 1726 2084 puniceum

199 2099 348 2143 corium,
370 2102 494 2146 postea
523 2102 647 2134 atrum
675 2098 813 2141 denu0,·
848 2099 915 2136 As.
942 2098 1014 2136 ΙΙΙ.
1044 2099 1078 2136 ii.
1103 2108 1136 2146 7,
1170 2098 1249 2144 Qui
1272 2107 1372 2149 saepe
1399 2105 1482 2137 ante
1508 2101 1547 2136 in
1580 2104 1726 2137 nostras

199 2163 370 2211 scapulas
395 2163 578 2199 cicatrices
605 2163 841 2207 incluserunoe
877 2163 977 2201 Rud.
1007 2163 1079 2201 111.
1105 2164 1151 2201 iv.
1174 2165 1236 2210 48,
1261 2164 1438 2202 Contende
1463 2177 1548 2214 ergo
1574 2169 1653 2202 uter
1677 2166 1729 2203 sit

200 2233 298 2276 tergo
326 2227 460 2264 verior.
518 2225 581 2263 Ne·
606 2226 894 2276 olgferrumentas
919 2227 1065 2264 habebis
1083 2228 1211 2276 plures
1235 2229 1275 2264 in
1294 2233 1392 2277 tergo
1417 2233 1477 2265 tuo
1500 2228 1619 2275 Quam
1648 2229 1726 2266 ulla

200 2292 308 2328 navis
333 2291 442 2339 longa
467 2291 597 2335 clavos,
618 2295 692 2327 tum
719 2303 782 2339 ego
800 2304 862 2328 ero
881 2292 1212 2336 mendauksumuff
1242 2292 1374 2330 Postea
1400 2294 1574 2343 adspicito
1598 2307 1723 2340 meum,

199 2357 343 2406 quando
371 2368 432 2405 ego
459 2360 561 2393 tuum
588 2358 829 2405 inspectavero
845 2371 856 2394 .·
887 2357 937 2395 N
933 2359 985 2394 isi
1005 2359 1077 2395 crit
1103 2363 1177 2394 tam
1206 2359 1388 2396 sincerum
1417 2364 1459 2396 ut
1480 2359 1602 2407 quivis
1629 2360 1729 2398 dicat

200 2421 460 2470 ampullarius,
495 2419 689 2469 Optumum
723 2433 794 2458 esse
826 2429 926 2470 opere
943 2423 1132 2472 faciundo
1164 2424 1313 2468 corium,
1343 2428 1376 2460 et
1404 2424 1724 2468 sincerissumum,·

203 2485 308 2532 Quid
327 2498 456 2523 causae
480 2491 532 2522 est
551 2485 638 2533 quin
663 2486 783 2535 virgis
807 2491 837 2523 te
862 2499 971 2535 usque
995 2487 1049 2524 ad
1066 2489 1293 2524 saturitatem
1318 2489 1506 2525 saucient?

255 2550 342 2588 The
376 2550 533 2599 general
567 2550 652 2588 idea
686 2551 731 2588 os
759 2551 935 2601 ssogging
969 2552 1000 2589 is
1029 2553 1145 2591 made
1180 2559 1220 2591 to
1254 2565 1407 2591 assume
1441 2564 1464 2592 a
1493 2554 1656 2591 number
1684 2553 1730 2592 of

199 2616 407 2654 whimsical
432 2616 562 2653 forms.

254 2682 486 2719 Sometimes
513 2681 576 2719 the
603 2693 806 2731 scourgers
833 2694 896 2719 are
924 2682 1171 2731 represented
1198 2694 1240 2720 as
1270 2683 1437 2732 painters
1457 2682 1544 2720 who
1564 2689 1724 2721 execute

199 2758 221 2784 a
248 2747 419 2795 drawing
447 2746 535 2783 with
565 2746 738 2784 elm-tree
768 2747 962 2796 pigments
992 2759 1044 2784 on
1073 2746 1135 2784 the
1164 2747 1274 2784 hide:
1311 2747 1423 2797 Epid.
1444 2747 1491 2784 V.
1517 2747 1540 2785 i.
1567 2760 1625 2796 19,
1650 2747 1724 2785 Ex

198 2813 272 2848 tuis
304 2811 422 2848 verbis
456 2823 568 2848 mcum
588 2812 773 2861 ficturum
808 2813 946 2848 corium
971 2812 1145 2860 pulcrum
1171 2813 1392 2860 praedicas:
1436 2811 1547 2858 Quem
1581 2811 1723 2861 Apelles

197 2883 302 2925 atque
326 2876 474 2913 Zcuxis
500 2877 570 2913 duo
587 2877 740 2925 pingent
753 2877 951 2925 pigmentis
975 2877 1113 2914 ulmeis.

254 2941 482 2979 Sometimes
512 2941 574 2978 the
604 2941 694 2979 rods
724 2954 786 2979 are
818 2942 1000 2991 parasitos
1028 2941 1114 2979 who
1145 2942 1259 2980 shave
1287 2942 1388 2980 close
1420 2942 1481 2980 the
1511 2953 1651 2991 person
1679 2948 1719 2979 to
