1879 3248
239 190 290 230 86
674 195 873 234 PLAVTI
914 196 1318 236 MOSTELLARIA.

296 315 375 354 CA.
426 313 528 354 Sine
576 326 643 355 me
694 315 792 356 dum
843 318 951 357 istuc
1003 316 1201 357 iudicare.
1281 317 1439 372 Surge:
1495 331 1573 372 ego
1624 320 1700 359 isti

406 386 620 428 adsedero.

298 462 376 500 ΤΗ.
415 459 631 503 Maxume.
697 462 896 514 Accipito
929 462 1038 502 hanc
1070 462 1122 502 ad
1159 469 1201 503 te
1237 462 1372 505 litem.
1459 466 1538 504 TR.
1575 463 1703 504 Enim

409 534 507 573 istic
544 534 687 587 captio
724 539 800 573 est.

235 607 332 661 Fac,
380 620 458 660 ego
504 620 557 646 ne
610 613 814 659 metuam,
859 608 1024 663 [igitur‚
1067 610 1127 664 et]
1178 614 1222 648 ut
1270 616 1316 648 tu
1358 621 1496 650 meam
1548 611 1703 650 timeas

408 692 564 720 vicem.

297 757 374 795 TH.
426 753 517 793 Iam
567 755 747 794 minoris
805 756 970 810 [omnia
1017 755 1172 811 fa]cio‚
1228 768 1325 809 prae
1378 769 1504 809 quam
1551 758 1702 810 quibus

407 828 544 868 modis
1707 844 1759 887 25

233 902 310 942 Me
352 902 586 943 ludificatus
627 909 705 942 est.
791 905 871 943 TR.
914 903 1027 943 Bene
1069 904 1208 944 hercle
1245 904 1422 958 factum,
1461 910 1505 945 et
1541 905 1701 946 factum

404 976 579 1030 gaudeo.

234 1051 384 1106 Sapere
417 1052 524 1092 istac
555 1057 696 1091 aetate
727 1057 912 1105 oportet,
942 1053 1014 1104 qui
1047 1058 1145 1091 sunt
1176 1053 1314 1105 capite
1347 1052 1540 1092 candido.

295 1129 374 1166 TH.
416 1125 650 1195 Qid’ego
691 1139 804 1166 nunc
844 1126 1015 1180 faciam,
1065 1128 1100 1166 si
1152 1128 1314 1167 amicus
1365 1127 1581 1181 Demipho
1630 1134 1701 1168 aut

404 1201 652 1242 Philonides
675 1231 685 1241 .
708 1231 718 1241 .
744 1232 753 1241 .
774 1234 788 1255 ‚

295 1279 373 1318 TR.
416 1276 568 1316 Dicito
600 1277 668 1330 iis,
699 1289 781 1329 quo
811 1282 935 1330 pacto
965 1282 1061 1317 tuus
1094 1288 1135 1316 te
1167 1290 1310 1317 servos
1342 1276 1648 1319 ludificaverit:

232 1351 442 1404 Optumas
474 1350 770 1390 frustrationes
801 1351 969 1390 dederis
1000 1352 1045 1390 in
1078 1352 1324 1391 comoediis.
1704 1364 1758 1406 30

293 1427 372 1466 CA.
406 1425 524 1465 Tace
556 1437 802 1479 parumper:
841 1426 933 1465 sine
966 1426 1158 1466 vicissim
1191 1438 1259 1465 me
1292 1425 1698 1478 loqui.—Ausculta.

411 1501 490 1538 TH.
527 1498 666 1538 Licet.

294 1575 373 1614 CA.
416 1572 628 1612 Omnium
658 1573 843 1626 primum
873 1571 1060 1612 sodalem
1090 1584 1157 1612 me
1189 1585 1280 1612 esse
1311 1574 1395 1612 scis
1425 1579 1555 1625 gnato
1586 1579 1670 1613 tuo,

235 1646 275 1687 Is
306 1646 414 1687 adiit
446 1660 540 1688 me:
573 1659 671 1687 nam
699 1647 820 1686 illum
852 1646 1017 1700 prodire
1049 1646 1175 1700 pudet
1208 1648 1253 1686 in
1279 1654 1555 1701 conspectum
1581 1654 1699 1688 tuum

285 1820 341 1844 22.
389 1810 447 1842 isti
464 1808 578 1842 BCD.
649 1809 723 1842 istic
743 1808 784 1842 F.
855 1809 940 1841 istuc
960 1808 1001 1842 Z.

285 1867 341 1898 23.
392 1857 540 1900 Accipito
559 1855 625 1889 Bb.
700 1856 847 1899 Accipite
864 1855 916 1889 Ba
937 1855 1007 1889 and
1024 1854 1085 1888 the
1103 1859 1177 1888 rest
1195 1854 1235 1888 of
1248 1855 1310 1889 the
1329 1855 1435 1888 MSS.
1579 1855 1704 1890 There
1729 1856 1757 1890 is

239 1914 259 1937 a
276 1902 384 1936 blank
403 1903 438 1936 in
459 1903 527 1936 BD
547 1902 712 1935 between
731 1903 817 1935 hanc
835 1928 843 1936 .
863 1928 871 1936 .
892 1927 900 1936 .
919 1927 927 1936 .
944 1902 1000 1944 ad,
1019 1901 1083 1935 but
1107 1906 1172 1935 not
1198 1902 1232 1935 in
1252 1903 1294 1936 C.
1369 1903 1499 1936 Hence
1527 1901 1558 1935 R
1585 1902 1647 1936 has
1671 1903 1757 1937 hanc

237 1949 334 1995 [tute]
353 1950 410 1984 ad.
551 1950 636 1991 istic,
655 1959 696 1983 so
711 1949 774 1983 the
793 1949 898 1983 MSS.
969 1951 1071 1983 istaec
1088 1948 1195 1983 Both.
1210 1949 1270 1983 W.

286 2009 341 2038 24.
389 2003 536 2030 metuam
565 1995 685 2041 [igitur
709 1995 755 2041 et]
785 2003 821 2029 ut
847 2003 894 2039 tu,
920 2006 960 2030 50
986 1996 1129 2030 Camer.
1203 1995 1328 2029 There
1356 1996 1384 2029 is
1410 2006 1430 2029 a
1457 1995 1564 2029 blank
1591 1996 1625 2029 in
1653 1995 1755 2030 BCD

235 2062 401 2096 between
435 2068 580 2095 metuam
600 2086 607 2095 .
628 2087 636 2095 .
655 2086 663 2095 .
683 2086 691 2095 .
709 2068 746 2095 ut
777 2068 825 2096 tu.
900 2061 934 2095 D
969 2060 1031 2095 has
1057 2049 1119 2104 tu¹,“
1133 2059 1204 2094 and
1230 2060 1345 2094 hence
1373 2059 1422 2092 W
1450 2066 1486 2093 tu
1512 2066 1559 2094 ut.
1634 2059 1665 2093 R
1693 2060 1756 2094 has

235 2115 382 2142 metuam
403 2107 502 2153 [mihi
518 2106 631 2152 atque]
652 2115 688 2141 ut
705 2115 752 2141 tu.

285 2166 339 2196 25.
389 2156 525 2188 minoris
562 2156 690 2199 [omnia
712 2152 843 2199 fa]cio,
875 2164 916 2187 so
950 2154 1094 2187 Carner.
1165 2153 1290 2186 There
1325 2153 1352 2185 is
1385 2163 1404 2185 a
1438 2152 1544 2186 blank
1580 2153 1614 2186 in
1650 2152 1752 2186 BCD

235 2202 402 2236 between
423 2202 559 2234 minoris
579 2226 588 2234 .
607 2226 615 2235 .
634 2226 642 2235 .
662 2226 670 2235 .
688 2203 747 2234 cio.
822 2200 853 2233 R
879 2200 942 2233 has
967 2201 1104 2234 minoris
1125 2198 1251 2244 [omnia
1275 2199 1346 2232 alia
1360 2198 1488 2244 fi1]ci0.
1561 2200 1610 2231 W
1629 2200 1756 2243 adopts

233 2248 297 2282 the
325 2248 420 2291 conj.
448 2247 490 2281 of
514 2248 668 2289 Camer„
696 2247 761 2280 but
787 2246 850 2280 has
876 2247 989 2290 quibus
1016 2260 1068 2280 me
1093 2247 1208 2287 modis,
1234 2246 1402 2288 omitting
1426 2259 1478 2279 me
1502 2250 1539 2279 at
1564 2246 1627 2280 the
1653 2256 1753 2280 com-

234 2299 466 2329 mencement
483 2294 525 2327 of
537 2294 599 2328 the
617 2294 798 2336 following
816 2294 897 2327 line.
1033 2302 1097 2338 pre
1115 2294 1228 2327 BCD.

283 2344 338 2375 26.
387 2342 446 2374 Me
461 2341 647 2385 ludficatus
663 2348 722 2383 est,
740 2351 780 2374 5ο
797 2340 859 2374 the
879 2340 984 2374 MSS.
1057 2341 1278 2384 Ludificatust
1294 2352 1345 2373 me
1364 2339 1408 2373 R.

283 2399 338 2429 27.
386 2389 440 2432 qui
456 2395 543 2430 sunt,
561 2398 601 2421 50
620 2388 763 2422 Camer.
835 2389 905 2431 quis
923 2387 985 2420 the
1005 2387 1110 2421 MSS.

267 2439 336 2469 .28.
386 2435 550 2479 Demipho
578 2441 639 2468 aut
667 2434 865 2476 Philonides,
891 2444 931 2467 so
955 2434 1099 2468 Camer.
1172 2433 1255 2467 The
1282 2432 1387 2466 MSS.
1413 2432 1502 2466 have
1528 2432 1669 2477 Dephilo
1693 2439 1754 2466 aut

231 2482 463 2523 Pln'lomontes,
481 2486 612 2524 except
636 2481 713 2514 that
732 2481 783 2515 Ba
800 2480 863 2514 has
878 2481 981 2526 phino
1003 2487 1138 2514 montes.
1284 2479 1315 2512 R
1341 2489 1511 2523 supposes
1535 2479 1614 2513 that
1638 2490 1658 2513 a
1683 2479 1753 2513 line

231 2528 293 2562 has
311 2528 417 2562 fallen
436 2532 499 2561 out
517 2527 610 2561 after
627 2539 658 2562 v.
676 2531 730 2562 28.

281 2587 335 2618 29.
378 2582 490 2620 pacto,
508 2585 548 2607 so
566 2574 671 2618 Vulg.
743 2581 837 2620 capto
855 2574 969 2608 BCD.
1111 2585 1233 2607 servus
1252 2573 1315 2606 Ba.

280 2633 335 2664 30.
372 2623 621 2664 frustraciones
651 2622 693 2655 C.
835 2623 869 2655 in
903 2620 1071 2654 comoediis
1108 2621 1150 2654 Z.
1222 2621 1256 2654 in
1289 2619 1477 2653 commodiis
1513 2618 1628 2652 BCD.
1699 2620 1752 2652 in-

229 2669 414 2703 commodus
435 2668 476 2702 F.

279 2727 334 2758 31.
375 2723 562 2760 parumper
587 2716 656 2749 sine
674 2714 812 2749 DcFZ.
878 2722 1024 2759 paruom
1048 2714 1178 2758 per-sine
1203 2713 1300 2746 BaC.
1366 2720 1514 2757 part-tum
1534 2712 1668 2756 persine
1685 2711 1752 2745 Bb.

223 2770 408 2807 praumper
431 2763 500 2795 sine
517 2762 586 2795 Da.
728 2762 880 2795 vicissim
906 2774 957 2794 me
980 2761 1065 2804 loqui
1091 2759 1228 2794 Acidal.
1246 2759 1344 2793 WR.
1417 2772 1468 2792 me
1491 2759 1642 2792 vicissim
1668 2757 1753 2801 loqui

229 2809 345 2843 DFZ.
419 2821 470 2842 me
495 2809 646 2842 vicissim
673 2807 703 2841 lo
729 2810 783 2852 qui
806 2808 847 2842 B.
920 2821 971 2841 me
997 2808 1181 2841 vicissimio
1197 2807 1251 2850 qui
1270 2807 1314 2841 C.
1455 2807 1558 2847 Licet,
1585 2815 1625 2837 5ο
1648 2804 1750 2847 Vulg.

228 2857 331 2889 Lucet
348 2856 483 2890 BaCD.

279 2914 332 2944 33.
381 2903 465 2936 adiit
483 2915 544 2945 me,
563 2912 601 2934 so
619 2901 680 2935 the
702 2901 805 2935 MSS.
880 2914 930 2934 me
946 2901 1031 2935 adiit
1050 2901 1182 2944 Guyet.
1203 2899 1247 2933 R.
