1879 3248
273 220 327 261 74
713 209 912 248 PLAVTI
952 209 1355 249 MOSTELLARIA.

270 332 399 374 Facta
431 334 506 388 ita,
537 335 728 375 amburet
758 336 914 376 misero
945 338 986 376 ei
1017 337 1229 377 corculum
1260 334 1547 377 carbunculus.

333 409 412 447 TH.
457 407 499 448 Si
542 408 713 461 quidem
755 409 887 459 istaec
928 423 1026 450 vera
1067 416 1179 450 sunt.
1266 412 1354 450 ΡΗ.
1397 408 1513 465 Qid
1554 418 1731 459 merear,

440 482 713 533 quamobrem
746 484 962 523 mentiar?

268 552 388 594 Heus
418 555 526 595 vos?
563 556 708 608 ecquis
738 557 875 609 aperit
905 556 1010 597 has?
1088 558 1162 598 SE.
1193 555 1310 612 Qid
1341 556 1446 596 istas
1476 554 1629 609 pultaS‚
1659 553 1729 592 ubi

442 640 569 668 nemo
600 629 716 668 intus
747 631 844 671 est?

323 703 411 740 PH.
443 701 545 740 Alio
573 702 698 742 credo
726 704 1001 744 comissatum
1029 704 1194 743 abisse:
1230 703 1427 743 abeamus
1458 715 1572 742 nunc
1602 703 1700 740 iarn.
1733 711 1788 755 50

328 775 407 812 ΤΗ.
438 771 585 827 Fuere,
618 775 760 814 iamne
790 776 914 816 abis?
973 776 1168 816 Libertas
1199 775 1378 829 paenula
1405 780 1470 815 est
1495 780 1614 827 tergo
1642 779 1729 814 tuo,

323 847 410 886 PH.
451 845 582 900 Mihi,
624 849 709 888 nisi
751 854 797 888 ut
838 849 982 889 herum
1024 855 1211 889 metuam
1243 855 1286 889 et
1318 861 1475 901 curem,
1508 846 1617 887 nihil
1649 851 1730 899 est,

437 920 509 971 qui
541 925 704 974 tergum
734 926 887 975 tegam.

598 1182 837 1230 ACTVS
887 1182 975 1229 IV.
1069 1182 1314 1230 SCENA
1362 1181 1455 1228 IV.

702 1337 826 1377 THE
833 1338 1136 1378 VROPIDES.
1194 1338 1352 1377 SJMO.

325 1477 404 1517 TH.
437 1475 549 1516 Perii
576 1477 739 1518 hercle!
770 1478 870 1531 quid
891 1491 995 1532 opus
1024 1484 1087 1519 est
1110 1479 1282 1519 verbis?
1324 1477 1381 1518 Vt
1402 1478 1529 1518 verba
1555 1477 1698 1531 audio,

264 1549 372 1589 Non
401 1550 599 1603 equidem
630 1552 678 1590 in
709 1551 951 1606 Aeguptum
982 1552 1084 1592 hinc
1115 1551 1240 1591 modo
1270 1557 1418 1592 vectus
1448 1551 1526 1602 fui,

264 1621 344 1663 Sed
375 1624 509 1663 etiam
539 1625 585 1664 in
617 1630 748 1666 terras
780 1626 890 1666 solas
921 1638 1095 1679 orasque
1126 1625 1310 1666 ultumas

261 1695 362 1737 Sum
392 1697 725 1740 circumvectus:
766 1700 844 1753 ita,
874 1700 946 1739 ubi
979 1713 1092 1740 nunc
1123 1701 1221 1754 sim,
1252 1700 1412 1740 nescio.

262 1768 418 1810 Verum
451 1771 537 1811 iam
568 1772 711 1813 scibo:
754 1785 854 1813 nam
885 1786 1047 1827 eccum,
1078 1773 1189 1813 unde
1220 1772 1338 1814 aedis
1369 1773 1480 1813 filius
1759 1783 1785 1826 5

261 1842 390 1884 Meus
419 1846 541 1885 emit.
602 1846 719 1902 Qd
749 1848 842 1901 agis
872 1847 951 1887 tu?
1039 1849 1103 1887 Sl.
1147 1848 1186 1886 A
1217 1847 1308 1887 foro
1340 1846 1492 1887 incedo
1523 1846 1708 1887 domum.

309 2048 366 2078 47.
414 2039 533 2071 misero
549 2038 577 2071 ei
593 2037 656 2072 the
675 2037 781 2072 MSS.
852 2039 882 2071 ei
897 2039 1016 2071 misero
1035 2038 1134 2072 WR.

309 2095 366 2125 49.
414 2091 639 2118 APERITHAS
657 2085 700 2118 A.
773 2085 870 2118 hasce
891 2086 1000 2128 aperit
1018 2084 1185 2118 BCDW.
1262 2084 1292 2116 R
1315 2084 1422 2117 omits
1442 2084 1516 2117 has.
1660 2090 1782 2125 ISTAS,

259 2139 300 2163 so
318 2131 349 2163 A
367 2129 437 2163 and
455 2130 599 2164 Camer.
670 2132 755 2164 istac
775 2130 803 2164 B
822 2131 892 2164 and
910 2131 1013 2173 Vulg.
1087 2132 1154 2164 ista
1173 2130 1254 2164 CD.
1326 2131 1376 2163 ita
1397 2129 1524 2162 FZW.

311 2187 367 2217 50.
417 2183 648 2210 COMISATUM
686 2177 731 2210 A.
819 2178 1033 2211 cmissatum
1069 2177 1165 2210 BaC.
1256 2183 1473 2210 c6n1essatum
1500 2175 1566 2209 Bb.
1660 2180 1782 2208 c6mes-

259 2225 338 2255 satzi
353 2221 401 2255 D.
543 2222 701 2256 abeamus
715 2222 743 2255 F
749 2223 790 2256 Z.
862 2223 996 2256 abemus
1012 2223 1147 2265 BaCD,
1162 2234 1206 2256 an
1224 2223 1373 2256 obvious
1390 2222 1554 2256 blunder.
1698 2235 1782 2256 nun-

259 2269 344 2301 tiam
357 2267 480 2301 BaCD
494 2267 552 2301 for
568 2281 652 2302 nunc
667 2271 750 2302 iam.
815 2268 921 2303 After
938 2269 1009 2302 this
1026 2280 1138 2311 verse,
1152 2274 1270 2303 traces
1287 2269 1330 2303 of
1343 2280 1362 2303 a
1376 2269 1446 2302 line
1464 2278 1596 2312 appear
1610 2268 1646 2301 in
1659 2269 1703 2311 A,
1718 2272 1783 2302 not

256 2313 371 2348 found
389 2314 424 2347 in
444 2313 559 2357 BCD‚
578 2314 644 2348 but
661 2315 932 2360 unfortunately
949 2316 1033 2360 only
1051 2320 1124 2349 two
1141 2315 1320 2350 detached
1338 2315 1456 2349 words
1473 2325 1533 2349 are
1550 2314 1727 2358 legible—

541 2390 670 2416 PVERE
690 2408 698 2417 .
719 2408 727 2417 .
745 2391 768 2423 Q
788 2408 1048 2417 ..........
1068 2391 1203 2418 HACME

307 2461 363 2492 51,
383 2461 439 2492 52.
488 2450 611 2485 These
628 2455 702 2485 two
720 2452 809 2485 lines
825 2462 887 2486 are
905 2452 1081 2495 regarded
1099 2463 1136 2486 as
1153 2453 1315 2496 spurious
1331 2452 1379 2497 by
1397 2452 1460 2486 W.

257 2507 374 2577 hessuzm
392 2504 695 2576 uffISIUTHERUM
722 2498 750 2532 is
775 2499 984 2543 apparently
1001 2499 1063 2533 the
1082 2499 1229 2542 reading
1247 2499 1282 2533 in
1300 2500 1342 2534 A.
1417 2498 1501 2533 The
1518 2502 1593 2533 rest
1610 2497 1700 2533 have
1717 2500 1782 2533 nisi

311 2674 340 2696 1.
389 2663 481 2696 Perii
498 2661 564 2696 Bb.
638 2664 716 2696 Peri
734 2663 865 2698 BaFZ.
938 2689 946 2698 .
964 2666 1014 2698 eri
1032 2664 1074 2699 C.
1146 2665 1228 2699 Heri
1247 2664 1294 2699 D.
1437 2664 1557 2708 verba,
1578 2675 1618 2698 so
1637 2664 1781 2700 Camer.

259 2709 404 2743 verbera
422 2708 465 2743 Β.
537 2709 704 2743 verbaera
724 2710 765 2743 C.
837 2710 987 2743 verberit
1006 2711 1053 2745 D.

309 2767 339 2797 3.
389 2756 489 2788 horas
508 2754 549 2789 Β.
622 2767 653 2789 v,
674 2767 691 2796 7
711 2757 780 2790 odie
798 2756 856 2790 Da
874 2757 930 2790 for
948 2758 1051 2791 hodie.

307 2815 341 2843 4.
389 2803 629 2835 circumvectus
650 2802 691 2836 Z.
765 2804 1011 2837 circumventus
1030 2803 1176 2838 BCDF.

309 2859 341 2889 5.
389 2848 479 2881 aedis
497 2847 612 2892 (acc.)
630 2848 685 2882 all.

309 2896 340 2928 6.
390 2895 476 2939 agis,
493 2905 533 2929 so
550 2894 631 2929 Ald.
703 2896 754 2928 ais
772 2895 833 2930 the
852 2896 957 2930 MSS.
