1879 3248
235 226 291 266 54
677 211 878 251 PLAVTI
919 211 1322 252 MOSTELLARIA.

235 334 351 374 Vino
383 340 426 375 et
457 335 591 389 victu,
624 336 786 389 piscatu
819 336 963 389 probo,
993 335 1173 388 electili,

237 408 384 448 Vitam
417 408 573 448 colitis.
665 410 745 448 TR.
786 406 879 447 Imo
911 408 1002 447 vita
1033 407 1212 446 antehac
1244 412 1364 459 erat5

236 481 369 522 Nunc
401 482 524 521 nobis
555 483 704 521 omnia
735 482 838 521 haec
871 481 1131 521 exciderunt.

295 558 360 596 SI.
396 555 620 612 Qidum?
702 558 779 595 TR.
818 554 885 594 Ita
915 554 1072 608 oppido
1101 554 1338 594 occidimus
1368 565 1530 606 omnes,
1558 551 1687 593 Simo.

295 632 359 670 SI.
403 629 509 669 Non
555 629 708 669 taces?
781 627 982 682 Prospere
1028 628 1150 668 vobis
1201 638 1356 668 cuncta
1402 639 1530 679 usque
1575 626 1707 666 adhuc

410 712 714 756 processerunt.
956 744 959 747 ,
1709 710 1766 753 45

299 781 379 819 TR.
421 777 488 818 Ita
517 783 562 817 ut
594 777 719 831 dicis,
752 776 865 817 facta
895 776 1004 816 haud
1036 788 1171 830 nego:
1212 788 1289 816 nos

237 853 431 894 Profecto
462 853 605 907 probe,
634 859 680 892 ut
711 852 938 906 voluimus,
968 852 1180 905 viximus3

236 927 331 981 Sed,
359 927 490 981 Simo,
521 927 585 966 ita
616 939 729 966 nunc
759 936 911 966 ventus
942 938 1096 965 navem

237 1000 450 1041 Deseruit.
541 1001 606 1040 SI.
643 999 760 1055 Qd
791 999 887 1040 est?
947 998 1044 1055 Qo
1076 997 1233 1038 modo?
1328 999 1406 1037 TR.
1448 996 1660 1037 Pessumo.

295 1076 362 1116 SI.
401 1074 579 1130 Qaene
613 1074 815 1114 subducta
847 1080 936 1114 erat
967 1079 1061 1114 tuto
1093 1074 1137 1112 in
1169 1072 1310 1112 terra?
1711 1082 1766 1125 50

301 1152 380 1190 TR.
422 1149 536 1190 Hei!
619 1151 683 1189 SI.
721 1148 836 1204 Qid
869 1149 964 1189 est?
1050 1151 1128 1188 ΤΚ.
1166 1147 1242 1187 Me
1277 1146 1502 1187 miserum!
1540 1144 1705 1185 occidi!

411 1225 476 1264 SI.
515 1223 635 1279 Qi?
730 1226 810 1264 TR.
848 1223 963 1279 Qia

239 1297 371 1338 Venit
404 1299 544 1352 navis,
576 1303 746 1338 nostrae
779 1298 878 1337 navi
910 1309 1014 1350 quae
1046 1296 1214 1349 frangat
1245 1300 1394 1335 ratem.

296 1373 361 1414 SI.
404 1371 564 1425 Velim,
595 1378 641 1411 ut
679 1376 725 1410 tu
761 1371 908 1425 velles,
941 1370 1120 1411 Tranio.
1179 1369 1258 1410 Sed
1292 1368 1391 1422 quid
1428 1374 1493 1409 est
1530 1369 1707 1421 negoti?

415 1449 494 1488 TR.
540 1445 731 1499 Eloquar.

238 1521 379 1562 Herus
410 1533 579 1575 peregre
610 1520 747 1560 venit.
836 1520 901 1561 SI.
937 1518 1062 1559 Tunc
1101 1518 1202 1575 [tibi
1233 1519 1442 1572 actutum]
1480 1519 1579 1557 chor
1614 1515 1702 1572 [da]

411 1593 615 1647 tenditur,

288 1792 343 1821 41.
396 1780 475 1813 Vmo
492 1786 523 1812 et
540 1780 645 1817 victu,
664 1789 704 1813 so
721 1778 783 1812 the
802 1778 908 1811 MSS.
983 1777 1033 1809 W
1051 1777 1158 1811 omits
1174 1783 1216 1809 et.

288 1839 344 1868 42.
395 1828 501 1860 Immo
520 1828 598 1860 vita
622 1826 697 1859 FZ.
772 1826 936 1859 Immovit
957 1824 1116 1858 BaCDa.
1189 1825 1295 1856 Immo
1317 1829 1353 1856 ut
1377 1821 1508 1856 BbDb.
1582 1823 1688 1855 Immo
1712 1822 1763 1855 ita

238 1887 277 1908 ea
295 1874 422 1918 quidem
441 1873 503 1907 W.

287 1933 343 1962 43.
392 1920 482 1954 nobis
508 1922 630 1961 omnia,
656 1931 696 1954 so
718 1919 842 1963 Pylad.
862 1919 1006 1952 Camer.
1078 1917 1168 1951 nobis
1194 1917 1381 1950 communia
1406 1915 1468 1949 the
1495 1915 1601 1950 MSS.
1673 1914 1763 1950 nobis

234 1969 350 2002 simitu
365 1969 476 2001 omnia
497 1968 626 2001 Herm.
647 1967 691 2001 R.
763 1966 852 2000 nobis
871 1966 982 1999 omnia
999 1966 1079 1998 haec
1095 1964 1286 1997 exciderunt
1301 1963 1404 1996 simul
1420 1962 1482 1997 W.

283 2028 340 2056 44.
387 2015 439 2047 hic
457 2015 568 2059 oppido
588 2015 705 2048 Herm
726 2013 769 2056 R,
786 2013 852 2046 but
868 2014 920 2046 hic
938 2013 965 2045 is
983 2016 1048 2044 not
1068 2012 1103 2044 in
1121 2011 1183 2044 the
1202 2011 1308 2044 MSS.

286 2073 342 2103 45,
362 2063 417 2103 46,
437 2071 493 2101 47.
543 2061 615 2094 We
641 2061 729 2094 have
755 2059 931 2101 arranged
952 2058 1054 2092 these
1078 2058 1166 2091 lines
1190 2057 1332 2099 exactly
1349 2067 1387 2089 as
1410 2055 1496 2099 they
1514 2066 1646 2099 appear
1665 2056 1700 2088 in
1721 2055 1761 2089 B.

239 2108 382 2142 Camer.
401 2108 519 2150 places
538 2114 767 2152 processerunt
792 2111 828 2140 at
852 2106 914 2139 the
937 2109 1254 2139 commencement
1277 2103 1318 2136 of
1340 2114 1371 2136 v.
1390 2113 1445 2145 47,
1467 2102 1538 2135 and
1559 2115 1614 2135 nos
1641 2107 1676 2136 at
1700 2102 1762 2136 the

237 2159 555 2189 commencement
573 2153 615 2187 of
632 2165 662 2188 ν.
682 2157 738 2195 48,
757 2152 827 2187 and
845 2153 872 2185 is
889 2151 1057 2185 followed
1075 2151 1122 2194 by
1141 2151 1243 2193 Vulg.
1266 2149 1362 2183 Rw.

286 2205 342 2242 48,
362 2213 418 2242 49,
438 2212 492 2242 50,
513 2212 567 2242 51,
588 2212 642 2242 52.
694 2201 796 2233 Here
814 2199 914 2242 again
934 2209 988 2232 we
1006 2198 1094 2231 have
1112 2196 1280 2231 followed
1298 2196 1360 2230 the
1382 2200 1635 2238 arrangement
1657 2196 1698 2228 of
1720 2196 1760 2230 Β.

237 2248 286 2280 W
306 2248 424 2291 places
441 2260 566 2280 navem
584 2252 619 2281 at
637 2247 698 2281 the
716 2246 909 2289 beginning
929 2244 970 2279 of
987 2256 1018 2278 ν.
1039 2256 1094 2286 50.
1170 2244 1200 2277 R
1220 2243 1364 2287 departs
1385 2243 1492 2276 much
1511 2253 1612 2276 more
1631 2243 1761 2286 widely

237 2295 332 2328 from
350 2294 411 2328 the
430 2294 657 2327 distribution
677 2293 718 2327 of
736 2293 778 2327 B.

287 2345 343 2383 48.
392 2349 511 2374 ventus
529 2354 666 2381 navem,
684 2351 724 2374 so
740 2340 802 2374 the
821 2340 927 2373 MSS.
998 2345 1118 2372 ventus
1136 2350 1260 2371 navem
1279 2343 1430 2370 nostram
1450 2335 1494 2370 R.

288 2400 343 2430 50.
393 2389 536 2432 Quaene,
554 2399 594 2421 so
612 2387 735 2433 Pylad.
755 2387 857 2429 Vulg.
878 2386 975 2419 RW.
1048 2386 1142 2430 Quae
1159 2397 1213 2418 nec
1232 2384 1345 2418 BCD.

289 2447 344 2477 51.
392 2436 421 2468 ei
439 2435 552 2469 BCD.
695 2436 754 2468 Me
770 2436 940 2476 miserum,
958 2444 998 2466 so
1015 2432 1076 2466 the
1096 2432 1202 2466 MSS.
1274 2431 1346 2464 Heu
1364 2443 1415 2464 me
1431 2432 1588 2464 miserum
1609 2429 1654 2463 R.

288 2494 345 2571 S}-
394 2482 578 2571 {lg->5:220
608 2528 670 2562 the
701 2528 806 2562 MSS.
882 2526 999 2560 Vellem
1030 2525 1137 2560 Both.
1167 2525 1211 2560 R.
1354 2531 1391 2558 ut
1419 2531 1455 2558 tu
1483 2523 1596 2566 velles,
1625 2533 1666 2556 so
1692 2522 1760 2568 ‚the

241 2593 347 2626 MSS.
412 2599 448 2625 tu
465 2592 620 2626 omitted
642 2593 676 2625 in
695 2592 798 2635 Vulg.
813 2591 874 2625 W.
1017 2591 1138 2623 ‘Tranio
1155 2589 1212 2622 sed
1227 2589 1304 2632 quid
1317 2595 1366 2621 est
1386 2588 1460 2621 FZ.
1534 2589 1693 2621 ‘Tranm'os
1706 2568 1761 2620 (εἴη

240 2639 303 2673 Ba.
376 2641 535 2672 ‘Tranm'os
607 2647 655 2672 est
683 2639 769 2672 with
799 2650 819 2672 a
848 2647 953 2681 space
982 2637 1063 2671 CD.
1206 2637 1329 2680 negocii
1358 2635 1467 2668 BFZ.
1539 2636 1648 2678 negoci
1678 2635 1760 2668 CD.

237 2686 390 2730 Eloquar
407 2686 566 2719 BbCDF
573 2686 614 2720 Z.
686 2685 845 2729 Eloquere
862 2685 924 2720 Ba.
999 2684 1030 2716 R
1050 2684 1112 2717 has
1129 2684 1202 2727 Ego
1218 2683 1362 2726 eloquar.

235 2745 342 2814 suxisti
357 2732 591 2814 {iiis—These
617 2733 705 2766 lines
734 2743 866 2776 appear
892 2732 926 2765 in
953 2742 972 2765 a
999 2729 1186 2764 mutilated
1213 2729 1307 2763 form
1334 2729 1368 2762 in
1396 2728 1519 2769 BCD;
1555 2727 1589 2761 in
1617 2727 1645 2760 B
1672 2727 1758 2771 they

331 2849 422 2883 Erus
441 2849 536 2883 venit
555 2859 704 2892 peregre
724 2849 830 2882 venit.
897 2849 941 2882 Si.
964 2848 1071 2881 Tunc
1126 2872 1369 2880 .....
1414 2846 1487 2878 Cor
1504 2844 1665 2878 tenditur

334 2930 422 2964 Inde
440 2929 660 2964 ferriterium
679 2935 800 2973 postea
853 2955 1094 2963 .....
1146 2939 1236 2962 cnua
1256 2928 1419 2966 obscero,
