1879 3248
535 234 715 274 ACTvs
753 236 805 273 11.
878 234 1056 273 SCENA
1093 235 1148 271 11.
1549 246 1600 290 37

81 358 263 398 Abimus
292 369 442 397 omnes
473 358 676 411 cubitum,
708 357 1087 397 condormivimus.
1548 368 1604 412 55

81 431 316 472 Lucernam
346 431 456 470 forte
486 431 643 471 oblitus
673 431 835 471 fueram
866 432 1139 485 extinguere:

81 505 221 559 Atque
252 505 326 545 ille
357 505 566 545 exclamat
599 505 828 559 derepente
859 518 1114 545 maxumum.

142 582 222 619 TH.
275 579 385 635 Qs
426 579 586 621 homo?
636 593 691 619 an
741 585 895 633 gnatus
944 580 1095 620 meus?
1218 581 1298 619 TR.
1334 577 1379 618 St
1421 583 1544 631 tace3

251 654 440 694 ausculta
470 654 608 694 modo.

79 729 172 783 Ait,
202 729 372 768 venisse
404 727 524 767 illum
557 729 603 767 in
634 728 796 767 somnis
826 727 879 767 ad
910 740 956 767 se
987 732 1210 766 mortuom.

138 805 220 843 TH.
261 802 434 855 Nempe
466 815 564 855 ergo
605 802 652 841 in
691 802 886 842 somnis?
983 804 1062 842 TR.
1101 800 1179 841 Ita.
1239 800 1319 842 Sed
1354 801 1542 841 ausculta

249 875 387 915 modo.
1543 875 1599 916 60

76 949 156 989 Ait
187 949 308 989 illum
337 950 416 989 hoc
446 954 570 1003 pacto
600 949 684 988 sibi
717 949 874 988 dixisse
905 953 1116 988 mortuom
1138 978 1148 988 .
1172 979 1181 988 .
1204 978 1213 988 .
1238 978 1247 988 .

137 1026 218 1063 TH.
258 1023 309 1063 In
337 1024 532 1064 somnis?
625 1026 705 1064 TR.
746 1022 926 1077 Mirum,
957 1023 1062 1075 quin
1093 1022 1294 1075 vigilanti
1326 1022 1502 1076 diceret,

74 1096 162 1153 Qi
193 1097 348 1136 abhinc
377 1097 599 1149 sexaginta
628 1097 754 1136 annis
784 1097 947 1136 occisus
977 1096 1099 1135 foret.

73 1170 291 1211 Interdum
324 1172 470 1225 inepte
500 1171 652 1210 stultus
683 1184 740 1213 es,
835 1173 915 1211 TH.
947 1170 1106 1210 Taceo.
1200 1171 1240 1209 T
1235 1181 1280 1210 R.
1316 1169 1396 1210 Sed
1427 1183 1541 1224 ecce,

244 1259 350 1299 quae
380 1246 452 1286 ille
486 1246 653 1299 inquit:

73 1318 208 1373 “Ego
237 1321 544 1360 transmarinus
574 1320 723 1373 hospes
754 1331 847 1359 sum
877 1318 1167 1372 Diapontius3
1542 1321 1597 1374 65

72 1394 163 1435 Hic
192 1395 362 1448 habito3
403 1394 507 1434 haec
539 1395 643 1434 mihi
675 1394 820 1434 dedita
850 1400 915 1434 est
946 1395 1183 1433 habitatio:

73 1467 193 1508 Nam
223 1481 292 1507 me
323 1468 610 1508 Acheruntem
640 1469 826 1521 recipere
859 1467 994 1507 Orcus
1026 1468 1177 1520 noluit,

72 1540 186 1598 Qia
217 1549 479 1596 praemature
510 1543 603 1582 vita
634 1554 764 1582 careo.
826 1541 904 1580 Per
933 1541 1058 1580 fidem

71 1616 288 1670 Deceptus
318 1629 435 1655 sum:
475 1615 626 1669 hospes
657 1628 724 1655 me
757 1616 825 1655 hic
857 1616 1045 1669 necavit,
1079 1615 1195 1667 isque
1228 1627 1295 1654 me

120 1796 175 1827 55.
227 1785 378 1827 Abimus,
420 1795 460 1818 so
500 1784 562 1818 the
604 1784 709 1818 MSS.
808 1783 962 1817 Abiimus
1005 1783 1067 1826 W,
1109 1782 1226 1816 which
1269 1783 1296 1816 is
1339 1793 1593 1828 unnecessary.

67 1832 221 1876 gubitum
246 1832 308 1865 the
335 1831 441 1864 MSS.

120 1890 176 1920 57.
224 1879 412 1911 maximum
429 1877 491 1911 the
510 1877 616 1910 MSS.

119 1928 175 1966 58.
219 1931 347 1968 gnatus
376 1937 465 1957 meus
494 1924 555 1957 the
585 1924 690 1957 MSS.
763 1936 852 1957 meus
880 1931 1008 1968 gnatus
1042 1923 1149 1957 Both.
1182 1923 1226 1956 R.
1369 1922 1415 1956 St'
1441 1931 1525 1967 tace,
1551 1934 1591 1957 so

71 1971 214 2004 Camer.
288 1972 397 2004 Sitace
429 1971 492 2005 Ba.
565 1971 600 2004 Si
633 1978 705 2004 tace
735 1971 817 2005 CD.
889 1971 952 2003 Sed
983 1978 1055 2003 tace
1082 1970 1149 2004 Bb.
1222 1971 1257 2003 Si
1289 1977 1376 2004 taces
1404 1970 1474 2004 Dc.
1546 1972 1593 2004 sic

68 2024 142 2050 tace
160 2018 187 2050 F
193 2018 236 2051 Z.

118 2075 172 2106 59,
192 2066 248 2097 61.
297 2071 465 2098 mortuum
481 2063 544 2097 the
563 2064 668 2097 MSS.
687 2063 721 2096 in
739 2063 839 2097 both.

116 2113 172 2144 62.
219 2112 295 2154 quin
322 2111 445 2154 Pylad.
517 2112 572 2154 qui
596 2111 658 2144 the
685 2110 801 2153 MSS„
820 2110 936 2144 which
963 2120 1045 2154 may
1069 2110 1115 2144 be
1141 2109 1333 2144 defended.
1475 2110 1593 2144 dicerit

69 2156 172 2190 CDa.
243 2157 368 2191 dixerit
386 2157 456 2191 Dc.
1070 2178 1074 2185 ·

116 2205 173 2244 64.
222 2203 314 2237 This
339 2214 450 2246 verse,
469 2203 586 2237 unless
603 2214 658 2237 we
683 2214 834 2247 suppose
860 2214 904 2237 an
932 2203 1171 2247 interruption
1199 2204 1233 2237 in
1251 2203 1314 2237 the
1340 2203 1590 2247 versification,

67 2249 96 2283 is
114 2249 298 2294 obviously
315 2255 475 2294 corrupt.
525 2251 553 2283 B
573 2250 708 2284 divides
726 2251 753 2284 it
771 2252 848 2284 into
865 2255 938 2284 two
956 2250 1092 2284 lines—

304 2308 493 2342 Interdum
520 2309 640 2351 inepte
666 2309 794 2342 stultus
820 2319 858 2342 es

301 2356 359 2388 ΕΠ).
385 2355 523 2389 Taceo.
572 2358 627 2389 Tr.
655 2356 724 2389 Sed
750 2366 836 2389 ecce
863 2366 955 2399 quae
981 2356 1037 2389 ille
1064 2356 1191 2399 inquit.

69 2412 138 2445 CD
165 2411 307 2445 include
331 2412 394 2446 the
418 2413 535 2446 whole
561 2413 596 2446 in
625 2424 646 2446 a
671 2413 781 2456 single
806 2414 888 2455 line,
909 2414 979 2447 and
1005 2414 1094 2447 have
1113 2414 1283 2447 Interdum
1301 2415 1405 2458 inepte
1420 2413 1541 2447 stultus
1557 2425 1590 2447 es

67 2465 158 2491 taceo
188 2458 263 2491 <sed
275 2470 344 2490 ecce
359 2471 417 2502 que
432 2459 526 2492 illum
545 2458 692 2504 (ineptae
709 2461 752 2493 C.
825 2461 915 2493 hecce
934 2459 1001 2503 D.)
1051 2461 1101 2492 W
1120 2461 1201 2494 thus
1219 2461 1381 2494 rewrites
1399 2462 1474 2494 it—

303 2515 490 2549 Interdum
517 2518 636 2560 inepte
662 2517 834 2551 stultus’s.
885 2517 955 2550 Sed
980 2527 1067 2551 ecce
1093 2528 1185 2561 quae
1211 2518 1268 2551 ille
1294 2519 1354 2561 ait,

67 2573 173 2607 while
193 2572 237 2615 R,
254 2573 341 2606 with
358 2584 458 2607 some
478 2574 672 2618 ingenusty,
692 2579 849 2608 restores
866 2579 941 2608 two
959 2575 1138 2618 complete
1157 2576 1293 2609 lines—

303 2630 491 2664 Interdum
516 2632 636 2674 inepte
661 2631 791 2664 stultus
815 2642 864 2673 es,
893 2631 1190 2676 [Theuropides].

300 2677 358 2710 Th.
377 2677 514 2710 Taceo.
563 2679 618 2711 Tr.
645 2679 707 2711 Set
724 2688 809 2711 ecce
828 2688 920 2721 quae
940 2678 986 2711 illi
1006 2678 1062 2710 ille
1082 2678 1197 2722 inquit
1216 2677 1427 2724 [mortuos]

113 2735 170 2787 6t5.
209 2734 298 2787 'haec
325 2735 407 2767 mihi
433 2735 545 2767 dedita
571 2741 630 2777 est,
657 2745 697 2768 so
723 2735 786 2768 the
814 2735 920 2769 MSS.
991 2736 1103 2769 dedita
1128 2736 1207 2768 haec
1228 2737 1312 2769 mihi
1335 2743 1383 2769 est
1410 2735 1517 2769 Both.
1543 2734 1588 2768 R.

66 2780 320 2866 ῥαίὸὸιξῗπιᾏξέι.
342 2840 392 2859 me
420 2826 520 2861 BDa.
595 2828 688 2861 Nam
721 2830 772 2861 ine
800 2829 841 2861 C.
917 2830 1010 2862 Nam
1045 2842 1094 2862 me
1123 2830 1156 2862 in
1187 2828 1328 2862 DbFZ.
1471 2828 1587 2860 orchus

67 2873 182 2906 BCD.
254 2874 369 2906 horsus
391 2874 432 2906 Z.

116 2922 171 2961 69.
223 2933 272 2952 me
289 2921 340 2952 hic
362 2920 458 2954 RW.
530 2922 581 2954 hic
600 2934 650 2954 me
666 2921 727 2955 the
747 2921 851 2955 MSS.
