1879 3248
499 145 677 182 ACTVS
718 146 791 184 III.
869 147 1040 184 SCENA
1086 149 1112 185 l.
1515 160 1567 199 47

115 268 193 305 TR.
235 267 427 322 Qatuor
455 268 732 320 quadraginta
764 268 827 307 illi
859 268 1063 308 debentur
1096 271 1252 308 minae.

51 339 135 378 Dic
165 346 207 379 te
238 340 446 394 daturum,
477 348 523 380 ut
553 342 687 381 abeat.
792 344 871 381 TH.
916 341 1004 395 Ego
1033 342 1172 382 dicam
1203 342 1328 382 dare?

114 416 193 454 TR.
244 413 340 453 Dic.
436 418 514 454 ΤΗ.
553 414 728 467 Egone?
823 418 902 455 ΤΚ.
933 415 1002 455 Tu
1033 417 1159 469 ipsus.
1221 415 1306 456 Dic
1337 415 1483 456 modo!

222 489 411 528 ausculta
442 489 570 529 mihi!
1496 502 1576 530 100

49 560 280 602 Promitte!
331 575 422 615 age,
464 564 663 616 inquam:
725 576 803 616 ego
849 563 985 603 iubeo.
1133 566 1211 603 TH.
1262 562 1489 617 Responde

223 636 353 676 mihi:
1278 666 1281 668 -

49 710 165 766 Qid
197 723 246 750 eo
277 716 342 750 est
373 717 548 763 argento
578 711 764 752 factum?
829 714 908 752 ΤΚ.
943 711 1111 752 Salvom
1143 718 1220 751 est.
1286 714 1325 751 T
1321 722 1366 751 H.
1397 711 1488 752 Sol-

222 785 311 823 vite

51 856 226 897 Vosmet
258 858 399 911 igitur,
431 859 466 897 si
499 859 661 897 salvom
694 865 770 898 est.
868 862 945 898 TR.
979 858 1119 899 Aedes
1151 859 1258 899 filius

48 931 165 971 Tuus
198 932 317 971 emit.
439 934 517 971 TH.
550 932 707 972 Aedis?
849 935 926 973 TR.
959 933 1103 972 Aedis.
1247 936 1326 973 TH.
1360 932 1489 986 Euge,

221 1004 480 1044 Philolaches

49 1077 273 1118 Patrissat!
326 1079 411 1117 iam
441 1078 567 1118 homo
598 1080 643 1117 in
676 1086 911 1118 mercatura
943 1080 1135 1118 vortitur.
1495 1093 1573 1135 105

51 1151 151 1190 Ain'
183 1152 259 1191 tu?
291 1151 440 1192 aedis?
506 1154 584 1191 TR.
619 1152 764 1205 Aedis,
800 1154 984 1206 inquam.
1055 1153 1133 1193 Sed
1166 1153 1286 1206 scin’,
1318 1154 1486 1205 quoius-

220 1226 365 1265 modi?

108 1301 186 1338 ΤΗ.
228 1299 314 1355 Qi
347 1300 453 1338 scire
485 1300 672 1352 possim?
787 1302 863 1339 TR.
898 1299 1010 1340 Vah!
1127 1303 1204 1341 TH.
1236 1301 1353 1356 Qd
1385 1302 1480 1341 est?

224 1376 302 1413 ΤΚ.
334 1373 407 1412 Ne
438 1386 505 1412 me
536 1386 647 1426 roga.

111 1449 188 1486 ΤΗ.
230 1446 349 1486 Nam
395 1447 494 1499 quid
542 1447 636 1486 ita?
756 1450 833 1487 TR.
871 1447 1045 1501 Specula
1088 1449 1234 1501 claras,
1278 1449 1479 1489 clarorem

219 1533 391 1559 merum.

111 1597 149 1633 T
145 1604 188 1633 Η.
226 1593 338 1633 Bene
369 1594 505 1633 hercle
537 1594 719 1634 factum!
790 1594 933 1650 Qid?
985 1608 1055 1635 eas
1085 1596 1233 1648 quanti
1265 1596 1484 1635 destinat?

113 1670 188 1707 TR.
230 1668 428 1707 Talentis
502 1668 668 1721 magnis
739 1668 938 1721 totidem,
1008 1676 1108 1721 quot
1181 1682 1258 1722 ego
1329 1677 1371 1709 et
1437 1675 1483 1709 tu

218 1754 372 1782 sumus.
1496 1756 1574 1783 1·10

47 1815 124 1855 Sed
156 1817 348 1855 arraboni
382 1817 453 1855 has
484 1815 600 1855 dedit
631 1815 910 1869 quadraginta
942 1818 1093 1856 minas.

96 1973 150 2012 98.
199 1977 355 2014 quattuor
372 1970 447 2003 AC.
520 1977 660 2013 quatuor
679 1969 746 2002 BD
765 1968 834 2002 and
853 1968 914 2002 the
934 1974 1016 2002 rest.

99 2028 173 2059 102,
197 2028 271 2058 103.
345 2017 485 2050 Salvom
503 2017 546 2049 all
565 2016 784 2059 apparently.

98 2075 172 2105 103.
219 2064 312 2096 aedes
331 2062 424 2104 (acc.
463 2063 506 2096 all
524 2063 586 2096 the
606 2063 708 2096 MSS.

99 2122 172 2151 104.
221 2111 311 2143 aedis
329 2062 444 2154 (accg
462 2110 566 2143 twice
585 2110 619 2142 in
637 2109 681 2142 all
699 2109 761 2142 the
780 2108 884 2142 MSS.

97 2168 172 2198 105.
222 2158 395 2190 Patrissat
411 2158 481 2190 iam
502 2156 570 2190 Dc.
648 2158 805 2190 Patrisat
822 2157 892 2189 iam
911 2156 979 2188 Da.
1060 2157 1289 2189 Patrisatiam
1309 2155 1371 2189 Ba.
1445 2158 1563 2190 Patri-

45 2208 147 2253 }atim
167 2219 233 2253 Bb.
298 2221 415 2253 Patris
434 2221 498 2252 etiz‘z
517 2220 558 2252 C.
694 2220 728 2251 in
746 2226 939 2252 mercatura
957 2219 1120 2260 vortitur,
1138 2229 1178 2251 so
1201 2218 1354 2259 Carnes„
1373 2218 1442 2251 this
1459 2219 1566 2260 being

46 2266 82 2299 in
107 2266 233 2309 reality
250 2265 312 2299 the
339 2266 486 2308 reading
511 2266 553 2299 of
574 2265 635 2299 the
655 2265 760 2298 MSS.
857 2267 1064 2299 inmercatur
1079 2266 1256 2299 avortitur
1274 2264 1315 2307 B,
1333 2265 1403 2298 and
1429 2276 1468 2299 so
1496 2265 1564 2298 CD

45 2313 249 2356 employing
266 2313 522 2346 contractions.

96 2361 172 2393 106.
224 2360 279 2392 An
305 2366 341 2392 tu
367 2359 429 2393 Ba.
549 2359 638 2392 aedis
658 2358 772 2403 (acc.)
798 2359 904 2392 twice
930 2359 964 2391 in
989 2358 1044 2392 all.
1108 2359 1154 2390 So
1171 2359 1260 2392 aedis
1280 2357 1419 2403 (nom.)
1436 2370 1467 2392 v.
1491 2370 1566 2399 113,

45 2406 115 2439 and
134 2404 248 2449 (acc.)
268 2417 298 2438 V.
323 2417 397 2446 114.
465 2406 505 2439 In
525 2417 556 2439 V.
580 2417 639 2446 141
669 2416 722 2439 we
748 2405 836 2438 have
861 2406 951 2438 aedis
979 2404 1048 2437 and
1063 2405 1172 2446 fores.
1317 2405 1382 2438 Sed
1404 2406 1473 2438 scin
1500 2404 1566 2437 Bb.

46 2453 109 2486 Sed
123 2454 191 2486 sint
209 2452 271 2485 Ba.
367 2453 432 2486 Sed
445 2454 478 2485 in
498 2453 578 2485 CD.
676 2452 874 2496 quoiusmodi
890 2452 951 2484 the
972 2451 1075 2484 MSS.

97 2510 172 2539 107.
215 2507 363 2543 possum,
380 2510 419 2532 so
437 2499 499 2532 the
519 2499 622 2531 MSS.
715 2499 838 2541 possim
858 2498 1000 2530 Camer.
1020 2497 1123 2539 Vulg.
1143 2497 1204 2530 W.

98 2549 172 2579 108.
224 2546 270 2578 So
299 2544 362 2578 the
389 2545 505 2586 MSS„
542 2549 671 2587 except
706 2544 784 2577 that
819 2543 905 2586 they
941 2543 1029 2576 have
1065 2556 1229 2585 canorem,
1266 2543 1381 2576 which
1421 2544 1567 2577 Camer.

45 2592 208 2634 changed
242 2592 319 2624 into
352 2591 528 2625 clarorem.
627 2591 658 2624 R
685 2601 854 2633 supposes
887 2589 965 2623 that
991 2589 1054 2622 the
1085 2589 1154 2622 line
1181 2590 1209 2623 is
1235 2590 1339 2622 made
1365 2600 1413 2633 up
1439 2589 1481 2623 of
1501 2590 1564 2623 the

46 2638 233 2672 mutilated
252 2637 449 2680 fragments
466 2637 507 2671 of
521 2641 595 2671 two
613 2638 712 2671 lines.

97 2697 172 2718 110.
222 2686 354 2727 magnis
381 2683 447 2718 Bb.
519 2686 675 2729 amagnis
703 2683 838 2717 BaCD.
927 2696 949 2716 a
975 2683 1107 2726 magnis
1136 2682 1211 2715 FZ.
1363 2689 1438 2725 quot
1466 2682 1566 2716 BbZ.

44 2733 129 2776 quod
144 2731 312 2764 BaCDF.

96 2790 171 2811 111.
221 2778 285 2811 Sed
316 2777 389 2811 BC.
464 2778 499 2810 Si
533 2777 647 2811 DFZ.
760 2777 932 2817 arrabont‘,
958 2786 997 2808 so
1031 2773 1093 2808 the
1122 2774 1239 2814 MSS„
1265 2773 1416 2807 without
1442 2774 1504 2808 the
1529 2776 1563 2809 h.

48 2825 78 2858 R
98 2835 267 2869 supposes
285 2824 363 2858 that
381 2836 400 2858 a
419 2824 488 2857 line
507 2824 568 2857 has
586 2823 691 2857 fallen
710 2828 772 2857 out
791 2822 884 2856 after
902 2835 932 2856 v.
950 2834 961 2854 1
974 2833 985 2854 1
997 2833 1025 2854 1.
