1879 3248
529 187 705 224 ACTVS
746 188 794 224 V.
866 187 1044 225 SCENA
1082 189 1134 226 11.
1534 186 1581 225 81

131 310 208 348 TH.
252 307 339 347 Dat
370 307 571 361 profecto.
661 310 739 347 ΤΚ.
772 307 889 364 Qin
922 315 964 348 et
997 308 1115 348 illum
1148 310 1194 348 in
1228 311 1291 348 ius
1323 309 1419 348 iube
1455 310 1527 349 ire.

245 384 323 421 TH.
365 380 455 420 Iam
487 393 638 420 mane:
1533 396 1555 423 2
1560 396 1585 436 5

68 452 280 507 Experiar,
310 459 356 492 ut
387 455 566 507 opinor3
607 460 770 494 certum
799 460 863 494 est
895 455 1016 493 mihi.
1104 457 1182 495 ΤΚ.
1214 454 1374 509 [Mihi]
1404 455 1528 509 [huc]

237 528 457 567 hominem
488 527 614 567 cedo!

130 604 208 642 ΤΗ.
239 601 370 658 Qid‚
391 603 426 641 si
459 603 589 655 igitur
611 614 687 655 ego
715 615 924 642 accersam
956 602 1183 644 homines?
1248 605 1327 643 TR.
1353 602 1528 643 Factum

238 688 328 715 esse
360 677 446 715 iam
476 676 672 729 oportuit.

69 748 145 788 Vel
175 750 393 789 hominem
423 750 518 789 iube
550 749 667 788 aedis
697 750 919 802 mancupio
945 762 1128 802 poscere.
1213 751 1292 789 TH.
1324 748 1417 789 Imo
1447 749 1525 789 hoc

239 824 421 876 primum
452 823 574 862 volo:

65 895 320 952 Qaestioni
349 898 539 949 accipere
569 908 723 936 servos.
790 898 829 934 T
824 906 868 935 R.
896 895 1156 935 Faciundum
1183 895 1333 949 edepol
1358 908 1522 935 censeo.

66 969 155 1022 Ego
176 970 352 1009 interim
373 970 480 1009 hanc
501 982 616 1008 aram
637 969 861 1022 occupabo.
914 971 952 1008 T
947 979 989 1010 H.
1013 968 1128 1023 Qd
1151 969 1244 1009 ita?
1295 971 1335 1008 T
1330 979 1375 1008 R.
1397 969 1525 1007 Null-

237 1055 306 1082 am
338 1055 425 1082 rem
457 1044 594 1096 sapis:
1528 1055 1582 1097 30

66 1115 140 1155 Ne
171 1116 287 1155 enim
316 1116 383 1155 illi
415 1117 493 1156 huc
523 1115 745 1168 confugere
777 1115 956 1168 possint,
984 1116 1229 1168 quaestioni
1257 1127 1360 1168 quos
1390 1115 1525 1168 dabit,

65 1188 154 1228 Hic
185 1201 262 1241 ego
292 1189 374 1228 tibi
406 1188 677 1242 praesidebo:
719 1201 773 1227 ne
806 1188 1030 1227 interbitat
1060 1189 1263 1240 quaestio.

126 1265 204 1302 TH.
235 1262 372 1315 Surge.
450 1265 528 1302 TR.
558 1261 770 1301 Minume.
792 1299 800 1307 ,
848 1264 927 1300 ΤΗ.
959 1261 1032 1300 Ne
1058 1263 1310 1315 occupassis‚
1335 1274 1524 1314 opsecro,

234 1347 361 1375 aram.
446 1337 525 1374 TR.
556 1334 675 1375 Cur?
759 1337 839 1374 TH.
880 1333 1019 1374 Scies:

64 1408 179 1463 Qa
206 1410 323 1448 enim
350 1408 393 1447 id
419 1421 610 1448 maxume
639 1408 750 1460 volo,
771 1414 815 1446 ut
846 1407 909 1446 illi
941 1407 1049 1447 istoc
1077 1407 1339 1460 confugiant.
1398 1407 1525 1448 Sine:

64 1483 209 1523 Tanto
239 1483 346 1536 apud
378 1482 563 1522 iudicem
594 1482 705 1521 hunc
735 1481 899 1534 argenti
931 1481 1224 1520 condemnabo
1255 1481 1434 1520 facilius.
1526 1492 1579 1535 35

126 1559 204 1596 TR.
246 1555 370 1612 Qod
410 1556 516 1609 agis,
559 1556 600 1594 id
649 1567 760 1607 agas.
840 1553 955 1610 Qid
1007 1561 1049 1593 tu
1102 1567 1224 1606 porro
1274 1555 1339 1594 vis
1389 1567 1524 1594 serere

236 1630 453 1682 negotium
470 1630 485 1668 ?

113 1800 168 1830 25.
215 1790 249 1822 in
266 1790 316 1822 ius
333 1789 404 1822 iube
419 1790 478 1822 ire.
528 1789 605 1822 ΤΗ.
625 1791 700 1822 Iam
719 1801 825 1830 mane,
844 1798 882 1821 so
901 1789 1044 1822 Camer.
1062 1798 1109 1821 on
1129 1788 1235 1831 conj„
1254 1787 1325 1820 and
1342 1798 1382 1820 so
1396 1787 1498 1830 Vulg.
1517 1787 1577 1821 W.

63 1835 324 1915 3153?ssng
321 1840 496 1906 ‘corrupt
523 1836 558 1869 in
580 1846 612 1869 v,
634 1847 649 1868 2
657 1847 688 1877 5.
737 1835 828 1868 This
851 1834 920 1868 and
945 1835 1007 1868 the
1032 1834 1113 1868 four
1136 1834 1318 1876 following
1342 1834 1430 1868 lines
1451 1844 1583 1878 appear

167 1946 222 1978 Tr.
249 1944 323 1977 Dat
340 1944 506 1988 profecto
524 1945 609 1988 quin
627 1948 664 1978 et
683 1944 779 1977 illum
797 1944 832 1977 in
850 1944 931 1977 iussi
950 1944 1090 1977 veniam
1107 1954 1211 1977 mane

119 1991 293 2033 Experiar
309 1996 349 2024 ut
366 1992 505 2034 opinor.
553 1992 611 2024 ἹἜ.
639 1991 790 2024 Certum
808 1995 862 2023 est
880 1991 965 2023 mihi
984 1990 1167 2023 hominem
1185 1990 1288 2024 cedo.

120 2037 218 2080 Qid
235 2037 263 2070 si
281 2037 388 2079 igitur
404 2048 471 2080 ego
489 2048 671 2071 accersam
688 2037 875 2070 homines?
925 2039 957 2069 ‘1'
951 2049 979 2070 r.
1009 2037 1159 2070 Factum
1177 2047 1254 2069 esse
1273 2037 1342 2070 iam
1360 2037 1531 2080 oportuit.

118 2083 186 2116 Vel
204 2083 386 2117 hominem
405 2084 486 2117 iube
505 2084 602 2117 aedis
619 2084 797 2126 mancipio
814 2093 975 2126 poscere.
1028 2083 1144 2115 Immo
1162 2083 1231 2116 hoc
1249 2083 1403 2125 primum
1423 2083 1514 2116 volo.

165 2130 223 2163 ΊἝ.
250 2130 440 2173 Qiestioni
458 2131 621 2174 accipere
638 2140 771 2163 servos.
821 2132 876 2163 Tr.
906 2129 1128 2162 Faciundum
1146 2129 1275 2172 edepol
1293 2139 1437 2163 censeo.

66 2191 177 2224 From
193 2191 309 2225 which
327 2192 354 2225 it
370 2192 439 2225 will
456 2192 502 2225 be
519 2202 616 2234 seen,
632 2192 711 2225 that
728 2191 887 2235 scarcely
905 2202 974 2235 any
991 2191 1145 2234 changes
1168 2202 1229 2224 are
1252 2191 1432 2235 required,
1451 2196 1582 2234 except

64 2238 100 2270 in
126 2249 157 2271 v.
178 2249 233 2280 25,
258 2238 427 2281 although
455 2238 485 2271 R
513 2238 575 2272 has
600 2238 754 2281 thought
780 2239 807 2271 it
833 2248 1032 2281 necessary,
1052 2237 1309 2279 “dubitanter‚''
1336 2238 1515 2279 however,
1541 2242 1580 2270 to

65 2288 181 2317 recast
202 2284 265 2317 the
286 2285 401 2318 whole
422 2295 578 2328 passage.
631 2285 672 2318 In
690 2296 722 2318 v.
743 2287 798 2326 26,
814 2285 876 2318 huc
893 2285 921 2318 is
942 2295 962 2318 a
979 2284 1074 2327 conj.
1093 2284 1252 2318 addition
1271 2284 1318 2329 by
1337 2285 1492 2326 Camer.,
1511 2284 1581 2317 and

64 2329 126 2363 the
142 2331 276 2364 second
293 2332 375 2364 mihi
391 2331 439 2374 by
457 2331 518 2364 W.
570 2331 612 2364 In
630 2343 661 2364 ν.
683 2335 736 2373 28,
757 2331 858 2364 CDF
864 2331 892 2363 Z
912 2331 1002 2364 omit
1018 2331 1087 2364 hoc.

114 2387 169 2416 ²7-
216 2377 359 2410 homines
378 2376 493 2421 (acc.)
510 2377 567 2410 all.

115 2425 169 2454 28.
217 2423 307 2456 aedis
326 2422 440 2467 (acc.)
458 2424 514 2456 all.

116 2479 169 2509 30.
217 2481 318 2501 aram
335 2470 421 2502 hanc
441 2469 473 2501 R
491 2469 625 2512 against
642 2469 703 2502 the
724 2469 828 2502 MSS.

115 2525 168 2556 31.
217 2515 278 2547 huc
297 2515 504 2549 Saracenus.
576 2516 628 2548 hic
646 2515 708 2548 the
727 2515 831 2547 MSS.

114 2571 169 2601 32.
218 2561 280 2593 Hic
306 2573 383 2605 ergo
418 2561 449 2594 R
483 2561 618 2603 against
649 2561 712 2594 the
749 2561 851 2593 MSS.
988 2560 1180 2604 praesidebo
1214 2574 1252 2594 ne
1281 2561 1384 2603 Vulg.
1450 2562 1583 2605 preside

63 2633 142 2667 bone
158 2633 232 2667 BF.
304 2634 456 2678 praeside
473 2634 550 2667 bone
569 2634 648 2667 CD.
721 2633 894 2676 interbitqt
914 2632 954 2666 B.

115 2691 169 2721 33.
219 2681 353 2713 minime
369 2681 424 2721 all,
442 2680 512 2713 and
530 2692 561 2713 v,
584 2691 623 2721 34
643 2681 790 2713 maxime
807 2680 861 2713 all.
1004 2691 1106 2712 aram
1126 2679 1247 2721 Pylad.
1321 2690 1423 2711 arma
1442 2677 1555 2712 BCD.

117 2738 168 2767 34.
218 2726 285 2759 illic
302 2728 382 2759 istoc
403 2726 433 2758 R
453 2726 588 2768 against
605 2726 667 2759 the
686 2726 792 2760 MSS.

115 2784 168 2814 35.
217 2773 301 2805 hunc
320 2772 452 2805 BbFZ.
525 2773 598 2806 hinc
617 2773 750 2806 BaCD.
893 2769 1130 2814 condempnabo
1149 2769 1195 2802 D.

115 2821 167 2859 36.
217 2819 313 2862 Quod
334 2820 408 2862 agis
429 2819 549 2863 Pylad.
623 2819 718 2862 Quod
739 2830 823 2861 agas
843 2818 904 2851 the
925 2818 1027 2851 MSS.
1171 2828 1276 2849 serere
1294 2816 1347 2848 vis
1368 2815 1473 2849 Both.
1496 2816 1579 2849 RW

63 2865 197 2907 against
216 2866 276 2898 the
296 2865 400 2898 MSS.

806 2937 838 2965 M
