1879 3248
538 204 718 243 ACTVs
757 204 804 241 v.
877 203 1052 241 SCENA
1090 204 1121 241 1.
1535 213 1584 254 77

68 327 373 368 Deludificatus
404 332 469 367 est
499 339 570 366 me
600 325 724 366 hodie
757 327 803 365 in
833 331 1079 380 perpetuom
1110 324 1294 365 modum.

69 401 202 441 Nunc
231 407 276 441 te
305 413 493 455 opsecro,
522 406 568 441 ut
602 413 670 440 me
701 401 810 440 bene
844 400 978 454 iuves,
1011 411 1263 453 operamque
1296 398 1382 439 des.

126 476 191 516 SI.
232 474 350 531 Qid
380 476 478 517 vis?
580 477 661 515 TH.
702 473 722 514 Ι
758 487 925 516 mecum
964 474 1080 530 [hac]
1115 486 1287 529 opsecro
1326 474 1409 529 [te]
1448 484 1532 512 una

240 548 381 588 simul.

127 623 193 663 SI.
229 621 338 662 Fiat.
429 624 507 662 ΤΗ.
547 621 848 675 Servorumque
880 634 1051 676 operam
1083 627 1126 662 et
1158 620 1247 661 lora
1279 620 1384 660 mihi
1415 619 1531 660 cedo.

127 698 192 738 SI.
228 696 363 737 Sume.
454 699 534 738 TH.
571 696 810 749 Eademque
837 709 963 750 opera
992 696 1096 736 haec
1124 696 1206 736 tibi
1235 707 1474 749 narravero,
1532 704 1589 748 45

70 770 180 827 Qs
212 784 280 811 me
313 771 515 825 exemplis
544 771 671 811 hodie
710 770 972 811 eludificatus
1007 771 1131 827 [est].

436 1026 674 1074 ACTVS
723 1026 783 1073 V.
889 1025 1133 1073 SCENA
1187 1026 1227 1073 Ι.

721 1181 955 1221 TRANIO.

73 1328 160 1384 Qi
191 1328 317 1367 homo
348 1326 527 1367 timidus
560 1328 642 1366 erit
674 1327 720 1367 in
755 1327 875 1367 rebus
908 1326 1063 1380 dubiis,
1097 1327 1222 1366 nauci
1257 1339 1345 1366 non
1378 1327 1487 1380 erit,

75 1402 214 1455 Atque
246 1401 456 1456 equidem,
480 1401 581 1454 quid
614 1402 657 1441 id
685 1414 777 1441 esse
805 1401 945 1441 dicam
977 1401 1167 1454 verbum,
1202 1402 1343 1455 nauci,
1375 1402 1535 1441 nescio.

75 1475 194 1515 Nam
226 1475 348 1515 herus
380 1487 448 1514 me
481 1481 702 1529 postquam
732 1488 800 1515 rus
827 1476 964 1529 misit,
992 1481 1037 1515 ut
1069 1474 1203 1514 filium
1233 1487 1353 1515 suum
1381 1487 1538 1515 arcess-

247 1562 388 1589 erem:

77 1622 181 1662 Abii
214 1622 289 1662 illa
320 1635 392 1676 per
422 1623 692 1676 angiportum
725 1622 777 1663 ad
809 1623 977 1663 hortum
1009 1628 1199 1662 nostrum
1228 1622 1478 1662 clanculum.

75 1695 249 1735 Ostium
283 1695 392 1749 quod
430 1697 477 1735 in
509 1697 733 1750 angiportu
769 1702 832 1737 est
864 1696 977 1736 horti
1010 1696 1190 1750 patefeci
1223 1696 1362 1749 fores,
1569 1711 1595 1752 5

77 1769 219 1823 anue
251 1770 377 1810 eduxi
412 1783 585 1810 omnem
618 1771 848 1825 legionem,
881 1777 924 1811 et
958 1772 1086 1811 maris
1121 1776 1163 1811 et
1195 1770 1392 1811 feminas.

127 1973 184 2003 41.
232 1960 487 2005 Deludfficatust
503 1973 554 1994 me
570 1961 662 1994 hodie
680 1961 794 1995 BCD.
870 1960 901 1993 R
920 1960 983 1994 has
1002 1958 1229 2005 [Disperdidit
1245 1973 1296 1993 me
1312 1958 1381 2005 ille]
1403 1959 1505 1993 hodie.

126 2019 183 2050 42.
232 2008 330 2041 Nunc
349 2008 452 2049 Vulg.
523 2008 604 2041 Nun
623 2007 758 2049 BaCD,
777 2018 822 2041 an
840 2007 984 2041 evident
1003 2007 1168 2041 blunder.
1263 2025 1266 2027 ·

127 2066 184 2096 43.
233 2054 316 2087 The
346 2053 452 2087 MSS.
479 2054 570 2087 omit
599 2055 662 2087 hac
690 2054 760 2087 and
794 2061 834 2096 te,
862 2053 979 2087 which
1012 2065 1073 2088 are
1107 2054 1350 2097 supplements
1380 2053 1427 2096 by
1456 2053 1602 2086 Camer.

80 2101 114 2135 R
131 2100 194 2135 has
210 2103 233 2134 Ι
245 2113 380 2142 mecum,
399 2107 430 2133 te
446 2100 582 2143 obsecrO,
601 2113 667 2134 una
685 2114 768 2134 nunc
784 2101 895 2134 simul.
958 2127 974 2140 n

127 2159 183 2189 45.
233 2148 329 2180 Sume
344 2148 516 2190 eademque
533 2155 629 2192 opera
649 2148 730 2181 CD.
803 2149 900 2181 Sume
915 2149 1088 2191 eademque
1104 2155 1236 2191 operam
1256 2146 1296 2181 B.
1370 2147 1467 2179 Sume
1487 2145 1600 2179 eadem

79 2206 136 2238 ego
153 2202 250 2238 opera
265 2194 408 2227 Camer.
422 2194 521 2228 WR.
663 2195 742 2228 haec
761 2194 821 2227 tibi
837 2195 899 2228 the
918 2195 1024 2228 MSS.
1095 2195 1175 2227 haec
1192 2195 1279 2227 intus
1297 2193 1358 2227 tibi
1377 2193 1421 2228 R.

128 2243 185 2282 46.
234 2240 326 2274 This
344 2241 372 2273 is
389 2240 450 2273 the
469 2240 617 2283 reading
634 2241 676 2274 of
691 2241 805 2283 BCD,
824 2242 992 2284 omitting
1009 2248 1070 2274 est.
1142 2241 1192 2273 W
1210 2240 1320 2274 has—

85 2348 116 2381 R
135 2348 158 2382 h
362 2303 452 2347 Qis
477 2303 561 2336 med
586 2304 759 2347 exemplis
784 2303 891 2338 hodie
919 2303 1006 2349 [ille]
1034 2304 1233 2338 ludificatus
1259 2309 1325 2338 est.

160 2359 245 2382 ag-

362 2396 452 2439 Qis
477 2406 536 2429 me
560 2395 668 2430 hodie
693 2396 865 2440 exemplis
891 2397 948 2430 ille
974 2397 1173 2431 ludificatus
1199 2401 1266 2431 est.

135 2579 164 2602 1.
212 2566 330 2610 dubiis,
349 2578 388 2601 so
406 2568 576 2610 Priscian,
595 2568 676 2601 who
695 2572 824 2612 quotes
840 2568 910 2601 this
928 2569 999 2602 line
1017 2574 1053 2603 at
1070 2580 1104 2613 p.
1123 2572 1203 2604 682.
1263 2570 1346 2604 The
1365 2571 1470 2604 MSS.
1489 2582 1550 2605 are
1569 2571 1603 2604 in

82 2624 184 2648 some
201 2613 402 2647 confusion.
474 2615 564 2648 dubii
578 2640 586 2648 .
602 2640 610 2648 .
623 2627 638 2647 s
657 2615 720 2648 Ba.
792 2615 926 2648 dubiisis
946 2615 1012 2649 Bb.
1083 2616 1173 2650 dubii
1188 2618 1233 2649 sis
1253 2617 1295 2650 C.
1367 2617 1472 2651 dubiis
1489 2619 1517 2650 is
1532 2618 1581 2652 D.

133 2672 165 2694 2.
216 2660 247 2692 R
266 2660 421 2693 believes
437 2660 515 2693 that
531 2661 635 2694 there
653 2661 680 2694 is
697 2672 717 2694 a
734 2661 841 2694 blank
859 2661 952 2694 after
969 2673 1000 2695 v.
1022 2673 1053 2696 2.

135 2718 165 2748 3.
214 2713 251 2739 ut
253 2706 369 2750 filium
385 2706 448 2740 the
467 2707 572 2741 MSS.
631 2707 747 2752 filium
765 2715 801 2741 ut
818 2708 925 2742 Both.
947 2708 1043 2742 RW.
1185 2721 1384 2743 accerserem
1408 2709 1471 2743 the
1498 2709 1604 2744 MSS.

83 2765 283 2787 arcesserem
301 2758 395 2786 most
413 2753 494 2786 edd.

133 2812 166 2841 4.
217 2799 296 2832 Abii
313 2799 384 2840 illa,
402 2810 442 2833 so
460 2800 603 2833 Camer.
680 2800 795 2836 Abilla
814 2800 928 2835 BCD.
1003 2801 1057 2834 Ab
1074 2801 1130 2835 illo
1150 2801 1224 2834 FZ.

86 2847 280 2926 ἰὴ5.Μένὲίἰ
305 2845 418 2880 BCD.
491 2847 579 2880 horti
600 2845 661 2880 the
689 2852 774 2881 rest.
923 2849 989 2882 eius
1011 2847 1055 2882 R.
1187 2848 1280 2890 fhris
1299 2848 1443 2882 Camer.
1506 2848 1603 2891 fores

127 2902 146 2925 e
265 2918 272 2925 .
