1879 3248
640 203 832 243 NOTES.
881 204 910 242 Ι.
931 205 977 241 iii.
1001 216 1197 252 54—101.
1604 214 1682 252 129

219 331 282 377 83.
311 328 392 367 Nec
411 335 502 367 recte
519 330 556 367 si
571 330 634 366 illi
647 327 807 381 dixeris]
839 330 861 367 i.
876 342 908 368 e.
937 333 999 367 ‘to
1020 329 1140 378 speak
1160 329 1231 367 evil
1251 328 1296 366 of
1314 329 1416 374 him‚'
1445 341 1487 366 as
1507 330 1685 378 opposed

163 398 204 430 to
230 394 270 430 in
297 394 401 431 illum
427 394 507 431 bene
533 395 635 443 loqui
658 395 704 432 of
726 395 789 432 the
820 395 1029 443 preceding
1054 394 1141 431 line.
1199 393 1286 431 The
1320 394 1576 442 expressions,
1605 394 1686 431 lVec

164 462 253 494 recte
285 458 400 495 dicere
428 459 545 496 alicui
569 471 613 496 or
642 460 681 496 in
710 459 876 508 aliquem,
908 457 1144 495 Inclementer
1170 459 1284 495 dicere
1312 459 1430 494 alicui
1462 470 1507 495 or
1540 459 1580 494 in
1613 459 1686 495 ali-

163 534 275 569 quem,
301 521 410 560 Male
436 524 538 572 loqui
557 524 679 570 alicui,
704 523 785 561 Nec
812 528 901 560 recte
925 524 1028 571 loqui
1049 523 1173 568 alicui,
1199 521 1308 559 Male
1330 523 1444 559 dicere
1469 523 1592 567 alicui,
1621 535 1685 559 are

164 586 212 623 all
240 587 336 624 used
363 588 403 624 in
431 588 494 625 the
524 600 648 634 sense,
679 591 741 626 ‘to
771 587 891 637 speak
920 587 1199 637 reproachfully
1222 587 1269 624 of
1293 600 1315 624 a
1344 587 1510 636 person,'
1538 599 1592 632 or,
1622 591 1684 625 ‘to

163 651 322 688 address
348 652 535 701 reproach
565 664 608 690 or
636 652 778 690 rebuke
808 660 848 690 to
880 665 902 690 a
930 652 1095 701 person.’
1153 652 1290 689 Festus
1320 664 1393 690 s.v.
1427 651 1517 697 Nec,
1552 664 1588 700 p.
1609 654 1680 689 162

163 715 223 751 ed.
244 714 351 752 Mun.
373 723 521 765 quotes,
542 716 621 754 Nec
640 722 728 754 recte
751 718 790 754 si
810 717 872 753 illi
889 717 1034 754 dixeris
1061 716 1161 753 from
1181 716 1244 753 the
1265 716 1432 754 Phasma
1453 716 1497 753 of
1515 716 1682 762 Plautus,

164 779 251 824 and,
283 779 364 817 Nec
397 786 485 817 recte
513 782 589 818 dici
612 782 712 827 milti,
743 783 839 830 quod
863 782 1074 818 iamdudum
1102 782 1211 818 audio
1240 781 1339 818 from
1368 781 1431 818 the
1465 781 1684 818 Demetrius

163 843 210 880 of
234 843 440 892 Turpilius.
499 845 610 883 Thus
631 846 685 883 As
718 846 747 883 Ι.
769 846 817 883 iii.
842 858 876 893 3,
897 845 977 883 lVec
999 850 1087 883 recte
1105 859 1194 894 quae
1218 850 1259 882 tu
1282 847 1321 882 in
1343 858 1406 882 nos
1432 846 1521 882 dicis
1546 857 1684 882 aurum

163 912 269 955 atque
295 913 488 957 argentum
520 922 657 946 merum
690 915 765 953 est,·
804 909 856 947 ΙΙ.
887 911 931 947 iv,
964 912 1027 957 65,
1056 909 1168 946 stlalo
1200 910 1317 946 lzercle
1353 911 1428 946 iam
1461 922 1591 959 magno
1624 914 1684 946 tuo

164 985 261 1010 nunc
286 975 352 1010 isti
378 987 439 1011 nec
469 980 558 1011 recte
581 976 696 1018 dicis-J
731 975 820 1012 Bac.
843 975 874 1012 Ι.
899 976 933 1013 ii.
960 988 1018 1021 11,
1048 975 1159 1011 Male·
1186 981 1274 1012 sunt
1302 976 1460 1012 homines
1488 977 1556 1023 qui
1583 976 1684 1013 bonis

164 1038 292 1074 dicunt
314 1039 416 1084 male,
437 1039 494 1075 Tu
513 1038 589 1076 Dis
609 1053 669 1076 nec
694 1045 782 1076 recte
801 1041 890 1077 dicis
903 1053 916 1076 .·
947 1053 1015 1077 non
1034 1052 1179 1088 aequom
1188 1041 1324 1089 facis,·
1355 1040 1472 1078 Poen.
1487 1041 1559 1077 ΙΙΙ.
1582 1041 1603 1077 i.
1624 1053 1683 1089 13,

165 1100 216 1138 Si
237 1115 298 1139 nec
323 1108 412 1140 recte
437 1105 528 1140 dicis
553 1104 664 1149 nobis,
690 1105 788 1141 dives
810 1106 851 1141 de
875 1117 1012 1141 summo
1037 1106 1120 1150 loco,
1145 1104 1310 1141 Divitem
1336 1105 1509 1142 audacter
1534 1106 1686 1142 solemus

165 1171 325 1204 mactare
353 1167 577 1217 infortunia·
613 1168 751 1206 Pseud.
773 1169 841 1205 IV.
863 1169 908 1205 vi.
935 1181 994 1216 23,
1022 1167 1129 1205 ‚Nam
1154 1170 1288 1217 quanti
1307 1169 1422 1219 refert
1448 1174 1480 1206 te
1508 1182 1568 1206 nec
1597 1175 1687 1207 recte

163 1229 278 1266 dicere
309 1230 388 1276 Qui
415 1232 529 1272 nzhilz'
540 1233 674 1281 faciat
704 1234 832 1280 quique
865 1233 1005 1281 infitias
1039 1244 1109 1268 non
1141 1234 1229 1268 eat?
1269 1232 1394 1268 where
1429 1232 1534 1270 there
1569 1233 1600 1271 is
1635 1245 1685 1270 an

163 1293 294 1343 ellipse
316 1294 362 1332 of
383 1296 444 1332 illi
466 1296 562 1333 after
581 1310 642 1333 nec
667 1302 757 1334 recte
782 1298 922 1340 dicere‚·
950 1297 1092 1345 Amph.
1115 1296 1166 1334 II.
1188 1297 1223 1333 ii.
1247 1309 1332 1342 110,
1358 1295 1499 1334 Iterum
1526 1299 1600 1334 iam
1627 1298 1688 1335 liic

163 1360 203 1394 in
232 1372 285 1396 me
312 1361 537 1398 inclementer
562 1362 657 1407 dicit,
678 1368 782 1410 atque
810 1363 854 1398 id
875 1363 951 1399 sine
981 1363 1107 1399 malo?
1138 1362 1257 1399 Poen.
1278 1362 1326 1398 V.
1348 1374 1379 1399 V.
1403 1375 1465 1410 43,
1496 1362 1599 1408 Quid
1621 1363 1695 1400 tibi

162 1423 294 1469 lubido,
314 1431 463 1473 opsecr0,
483 1425 773 1472 Anthemonides,
793 1426 919 1475 Loqui
939 1427 1164 1463 zbzclemenler
1184 1431 1305 1463 nostro
1330 1433 1478 1476 cognato
1503 1433 1537 1464 et
1549 1429 1660 1476 patri
1669 1431 1690 1464 ,ν’

165 1487 266 1525 Rud.
295 1488 325 1525 Ι.
355 1490 389 1526 ii.
423 1491 483 1536 26,
513 1490 595 1527 Aut
622 1493 690 1539 qui
718 1493 942 1528 inclementer
972 1492 1071 1528 dicat
1099 1491 1241 1527 bomini
1269 1491 1405 1534 libero,-
1446 1492 1517 1528 ΙΙΙ.
1549 1493 1592 1529 iv.
1625 1506 1685 1541 29,

168 1551 263 1599 Tun,
287 1554 513 1604 trifurcifer,
539 1556 634 1592 mihi
657 1558 767 1593 audes
795 1557 1021 1593 inclementer
1045 1557 1159 1593 dicere
1171 1559 1192 1592 ,ν’
1234 1556 1350 1594 Truc.
1377 1557 1427 1593 ΙΙ.
1450 1558 1508 1593 vii.
1531 1570 1593 1603 44,
1618 1570 1687 1594 cur

163 1630 278 1654 ausus
307 1620 531 1656 inclementer
558 1620 670 1656 Mihi
694 1621 840 1658 dicere?
870 1621 1009 1658 Pseud.
1032 1621 1061 1657 Ι.
1089 1621 1111 1657 i.
1137 1631 1197 1668 25,
1232 1620 1314 1658 Cur
1342 1622 1565 1658 inclementer
1594 1623 1686 1659 dicis

163 1682 290 1730 lepidis
312 1683 438 1728 literis,
457 1683 608 1733 Lepidis
627 1685 776 1730 tabellis,
797 1686 912 1734 lepida
936 1687 1146 1734 conscriptis
1167 1698 1304 1728 manu,·
1334 1686 1458 1734 again,
1480 1687 1545 1723 As.
1565 1686 1617 1723 ΙΙ.
1639 1687 1686 1723 iv.

167 1755 228 1794 71,
253 1747 354 1793 Quae
382 1761 439 1785 res
451 1751 472 1785 ,ν’
504 1748 532 1784 7
535 1748 587 1786 'un
615 1750 726 1786 libero
754 1750 896 1786 homini
918 1749 1026 1786 Male
1054 1762 1176 1787 servos
1204 1750 1375 1798 loquere?
1409 1762 1452 1788 so
1483 1751 1562 1788 also
1594 1751 1685 1789 Bac.

163 1811 233 1847 IV.
255 1812 300 1848 iv.
324 1814 384 1860 83,
410 1812 616 1861 Chrysalus
641 1815 737 1851 mz'lzz·
760 1827 869 1862 usque
892 1827 1031 1863 quaque
1058 1815 1219 1863 loquitur
1244 1828 1305 1851 nec
1333 1820 1424 1852 recte
1444 1821 1573 1863 pater,·
1608 1816 1686 1854 and

163 1875 298 1921 below,
329 1877 396 1913 IV.
428 1878 463 1914 ii.
490 1890 534 1915 12
567 1877 605 1927 (i.
636 1877 716 1928 34),
744 1878 833 1917 Non
854 1884 952 1927 potes
980 1884 1019 1916 tu
1048 1892 1168 1928 cogere
1202 1892 1254 1916 me
1282 1884 1323 1916 ut
1353 1880 1423 1916 tibi
1446 1881 1684 1924 maledicam,-

165 1941 242 1978 and
263 1953 307 1978 so
326 1942 467 1990 Amph.
486 1943 536 1980 ΙΙ.
558 1944 580 1980 i.
601 1957 671 1989 22;
703 1944 815 1981 Cure.
834 1944 862 1980 Ι.
885 1945 919 1981 ii.
939 1956 1000 1992 30,
1027 1944 1094 1981 IV.
1116 1944 1152 1980 ii.
1178 1954 1242 1992 27;
1274 1944 1380 1981 Men.
1398 1945 1448 1981 II.
1470 1945 1504 1981 ii.
1529 1955 1590 1993 35,
1610 1958 1682 1992 40;

164 2004 267 2042 Pers.
290 2006 341 2042 ΙΙ.
366 2007 411 2044 iv.
435 2008 470 2052 8,
494 2019 565 2054 20;
596 2007 714 2045 Poen.
732 2009 779 2046 V.
802 2010 836 2045 ii.
857 2011 926 2056 76;
958 2008 1060 2046 Rud.
1082 2009 1154 2045 III.
1177 2009 1211 2045 ii.
1236 2018 1284 2056 25
1307 2008 1482 2058 (without
1509 2023 1531 2048 a
1555 2009 1682 2060 ease);

165 2069 281 2106 Stich.
303 2070 332 2107 I.
355 2071 389 2108 ii.
408 2081 480 2118 57;
511 2072 619 2109 Trin.
642 2073 709 2110 IV.
731 2074 766 2110 ii.
787 2086 881 2121 149;
913 2073 1028 2111 Truc.
1052 2073 1120 2110 IV.
1143 2074 1190 2110 iii.
1210 2086 1241 2110 1.

219 2147 280 2183 91.
320 2134 539 2188 Speculum]
598 2137 685 2175 The
712 2139 883 2175 material
910 2138 956 2176 of
978 2138 1101 2175 which
1127 2138 1191 2175 the
1220 2139 1356 2176 mirror
1382 2151 1459 2176 was
1488 2140 1602 2177 made
1629 2152 1685 2177 we

165 2198 340 2236 discover
374 2199 473 2237 from
503 2213 535 2238 v.
564 2214 659 2239 110:
699 2201 741 2240 S.
776 2203 949 2240 Linteum
987 2210 1080 2252 cape,
1117 2208 1221 2252 atque
1257 2209 1405 2253 exterge
1442 2204 1511 2241 tibi
1543 2217 1684 2242 manus.

163 2262 214 2299 P.
249 2262 351 2309 Quid
374 2265 437 2310 ita,
457 2272 597 2313 opsecro
608 2269 629 2302 Β
663 2265 703 2304 S.
736 2268 781 2305 Vt
809 2268 990 2317 speculum
1015 2269 1170 2314 tenuisti,
1202 2273 1313 2305 metuo
1342 2281 1384 2305 ne
1410 2270 1528 2307 oleant
1552 2282 1685 2319 argen-

164 2330 240 2363 tum
266 2339 406 2364 manus.

223 2403 309 2428 101.
341 2391 518 2444 Cerussa]
545 2394 678 2432 ‘white
698 2394 807 2441 lead‚’
828 2396 891 2434 the
912 2397 1090 2443 ψίμμυθος
1109 2410 1154 2435 or
1173 2398 1364 2445 ψιμμὺθιυν
1383 2398 1427 2435 of
1442 2399 1505 2436 the
1521 2399 1683 2437 Greeks.

165 2453 252 2491 The
279 2466 436 2503 process
462 2457 508 2493 of
529 2459 793 2496 manufacture
819 2461 850 2497 is
879 2461 1078 2499 described
1098 2463 1148 2510 by
1169 2462 1262 2499 Plin.
1286 2462 1336 2499 H.
1347 2462 1394 2500 N.
1416 2463 1602 2501 XXXIV.
1625 2467 1683 2510 18,

166 2518 184 2566 ξ
208 2528 268 2566 54.
311 2519 552 2558 Psimitlu'um
578 2534 722 2570 quoque,
745 2523 810 2560 lzoc
834 2529 886 2561 est
915 2538 1108 2570 cerussam,
1130 2527 1363 2574 plumbariae
1393 2529 1484 2564 dant
1514 2528 1685 2577 officinae,

162 2585 457 2622 laudatissimam
486 2587 526 2622 in
548 2586 680 2623 Rhodo
694 2601 707 2623 .·
730 2588 786 2636 fit
807 2594 925 2625 autem
955 2592 1129 2626 ramentis
1155 2591 1303 2638 plumbi
1330 2594 1549 2629 tenuissimis
1576 2600 1684 2642 super

164 2659 232 2685 vas
251 2649 346 2685 aceti
359 2651 561 2697 asperrimi
580 2652 754 2699 impositis
773 2657 877 2701 atque
896 2654 947 2690 ita
967 2654 1239 2692 destillantibus.
1262 2684 1270 2692 .
1291 2684 1299 2693 .
1321 2684 1328 2692 .
1349 2655 1420 2693 Fit
1435 2661 1469 2693 et
1484 2658 1557 2693 alio
1576 2658 1686 2700 modo,

163 2713 285 2749 addito
310 2705 349 2749 in
374 2725 498 2750 urceos
522 2716 617 2751 aceti
627 2715 776 2763 plumbo
800 2721 984 2765 opturatos
1000 2724 1069 2766 per
1088 2719 1162 2755 dies
1184 2719 1296 2756 decem
1316 2720 1507 2768 derasoque
1530 2734 1591 2757 ceu
1612 2723 1686 2759 situ

164 2789 208 2814 ac
238 2789 373 2814 rursus
406 2779 530 2815 reiecto
560 2779 665 2816 donec
695 2781 839 2829 deficzat
870 2783 1035 2820 materia.
1100 2782 1164 2821 He
1202 2783 1283 2821 also
1316 2784 1417 2830 (l.c.)
1451 2785 1599 2822 notices
1638 2787 1686 2824 its

165 2842 429 2891 employment
452 2854 493 2880 as
518 2855 540 2881 a
560 2845 765 2882 cosmetie:
806 2845 866 2883 Vis
888 2847 963 2884 eius
986 2848 1104 2884 eadem
1124 2860 1213 2896 quae
1231 2855 1345 2897 supra
1365 2849 1478 2894 dictes,
1499 2850 1683 2888 lenissima

164 2911 304 2943 tantum
323 2919 372 2944 ex
398 2907 568 2954 omnibus,
583 2914 793 2958 praeterque
812 2911 864 2947 ad
883 2912 1069 2949 candorem
1078 2913 1323 2961 fiminarum.
1384 2913 1455 2951 See
1481 2915 1561 2953 also
1583 2915 1682 2954 Ovid

917 2976 935 3002 s
