1879 3248
506 161 685 198 ACTVS
726 161 798 198 III.
876 161 1052 198 SCENA
1092 161 1121 197 Ι.
1521 169 1571 207 41

56 281 229 335 Pergam
261 282 424 322 turbare
455 294 599 335 porro:
643 284 704 322 ita
733 283 837 323 haec
868 295 932 322 res
962 282 1159 335 postulat.
1524 290 1575 333 15

58 354 176 395 Vnde
209 356 272 395 is?
367 359 445 396 ΤΗ.
477 356 676 397 Conveni
708 356 844 409 illum,
875 355 984 395 unde
1016 356 1139 395 hasce
1171 353 1287 394 aedis
1317 365 1516 393 emeram.

116 432 194 470 TR.
237 429 458 483 Numquid
489 430 636 470 dixisti
667 430 718 470 de
751 431 839 483 illo,
869 429 977 482 quod
1008 429 1096 469 dixi
1128 428 1243 468 tibi?

116 505 194 542 ΤΗ.
235 503 338 543 Dixi
381 503 518 544 hercle
563 517 663 543 vero
707 504 812 559 [illi]
851 504 1010 544 omnia.
1133 505 1212 543 TR.
1244 501 1333 541 Vae
1365 501 1520 540 misero

225 577 329 616 mihi
349 577 356 617 ἔ

52 649 219 703 Metuo,
251 664 304 690 ne
336 651 513 691 technae
546 665 665 691 meae
697 659 896 706 perpetuo
928 650 1153 705 perierint!

116 727 194 764 TH.
237 725 350 785 Qid
392 732 482 766 tute
525 727 697 766 tecum?
839 728 917 766 TR.
951 725 1079 764 Nihil
1120 725 1251 764 enim.
1327 721 1407 764 Sed
1449 721 1518 761 dic

167 800 272 838 mihi
291 813 298 838 :
1526 807 1579 834 20

53 872 249 926 Dixtine,
280 874 464 926 quaeso?
549 877 627 914 TH.
658 874 779 924 Dixi,
813 876 1001 927 inquam,
1031 872 1178 912 ordine
1211 871 1370 910 omnia.

115 949 194 986 TR.
236 946 377 986 Etiam
408 948 564 987 fatetur
595 949 645 987 de
676 948 871 1001 hospite?
994 949 1072 986 TH.
1105 945 1197 985 Imo
1228 949 1443 997 pernegat.

114 1023 192 1061 TR.
234 1020 409 1074 Negat?
459 1024 564 1076 [TH.
599 1021 758 1075 Negat,
791 1023 976 1073 inquam.
1093 1021 1172 1059 TR.
1204 1018 1316 1058 Perii
1348 1015 1523 1070 oppido]

224 1107 349 1146 quom
381 1097 535 1148 cogito.

53 1167 182 1222 [Non
213 1167 470 1223 confitetur}
595 1172 672 1208 ΤΗ.
705 1169 860 1208 Dicam
892 1169 927 1207 si
961 1167 1176 1207 confessus
1206 1167 1275 1206 sit.

54 1241 170 1297 Qid
202 1255 314 1281 nunc
346 1241 590 1282 faciundum
622 1243 797 1282 censes?
864 1245 942 1282 TR.
977 1241 1110 1295 Egon’
1131 1241 1231 1293 quid
1254 1239 1480 1279 censeam?
1530 1249 1582 1292 25

55 1313 189 1368 Cape,
221 1328 392 1369 opsecro
423 1317 558 1356 hercle
592 1319 693 1371 [te],
725 1329 820 1356 cum
853 1328 903 1355 eo
932 1328 1015 1354 una
1047 1315 1258 1365 iudicem3

54 1388 132 1428 Sed
163 1402 259 1428 eum
292 1389 436 1429 videto
468 1397 512 1430 ut
544 1392 700 1444 capias,
731 1392 800 1443 qui
834 1390 975 1430 credat
1007 1389 1135 1429 mihi:

54 1462 167 1502 Tam
200 1463 324 1503 facile
357 1465 519 1517 vinces,
551 1477 677 1517 quam
709 1466 846 1518 pirum
876 1465 1020 1517 volpes
1052 1467 1227 1503 comest.

110 1610 163 1639 15.
213 1599 268 1631 hec
287 1599 328 1632 C.

106 1648 158 1679 16.
212 1646 299 1678 Vnde
315 1647 343 1678 is
355 1647 368 1678 :?
393 1655 433 1678 so
452 1645 554 1688 Vulg.
653 1647 740 1680 Vnde
757 1647 807 1678 his
826 1656 867 1679 or
887 1647 920 1678 V
914 1646 1026 1678 ndehis
1045 1645 1107 1678 the
1128 1644 1233 1677 MSS.
1353 1645 1445 1677 aedis
1465 1643 1493 1676 B
1512 1643 1583 1677 and

59 1698 154 1726 most
172 1689 214 1723 of
228 1692 290 1725 the
309 1691 414 1724 MSS.
434 1691 548 1736 (acc.)

108 1750 159 1779 17.
210 1740 292 1779 dixi,
311 1749 350 1771 so
369 1739 471 1780 Vulg.
569 1740 655 1772 dixit
674 1738 830 1780 BaCDa,
849 1749 892 1771 an
912 1739 1056 1772 evident
1078 1738 1242 1771 blunder.

108 1790 160 1819 18.
209 1786 294 1819 ercle
313 1785 380 1818 CD
400 1785 469 1818 and
488 1786 522 1818 in
541 1797 572 1819 v.
590 1798 644 1827 52.
808 1798 889 1818 vero
909 1784 990 1830 [illi]
1011 1786 1133 1818 omnia.
1185 1784 1268 1817 The
1288 1784 1393 1818 MSS.
1411 1783 1502 1816 omit
1518 1783 1582 1824 illi,

56 1832 174 1866 which
191 1843 262 1866 was
280 1831 396 1865 added
414 1842 460 1865 on
480 1833 574 1876 conj.
592 1833 640 1876 by
659 1831 781 1875 Pylad.
876 1839 973 1875 atque
990 1833 1101 1866 omnia
1120 1832 1263 1864 Camer.
1359 1832 1387 1864 ei
1405 1831 1516 1863 omnia
1536 1829 1581 1863 R.

59 1908 135 1949 Vae,
161 1917 201 1940 so
227 1906 330 1948 Vulg.
428 1907 487 1950 V&
514 1905 576 1938 Ba.
675 1906 734 1947 Vc5·
760 1905 826 1938 Bb.
921 1912 953 1938 et
979 1905 1081 1938 CDa.
1177 1907 1205 1938 ei
1232 1904 1338 1938 DcR.
1427 1904 1480 1936 hei
1506 1903 1581 1937 FZ.

61 1954 163 1987 Here
187 1953 307 1986 follow
330 1953 365 1985 in
388 1952 450 1985 the
475 1952 580 1985 MSS.
603 1951 665 1985 the
689 1951 770 1984 four
790 1952 877 1985 lines
900 1951 1016 1984 which
1041 1962 1153 1985 occur
1174 1952 1275 1994 again
1296 1951 1424 1992 below,
1446 1961 1499 1983 vv.
1525 1961 1580 1992 22,

61 2012 115 2042 25,
131 2002 184 2042 26,
199 2010 252 2040 27.
302 1999 438 2032 Acidal.
457 1998 628 2032 detected
646 1998 715 2031 and
733 1998 923 2032 corrected
940 1998 1003 2031 the
1022 1999 1228 2041 repetition.

108 2059 160 2089 19.
209 2047 343 2080 technae
361 2046 442 2079 DZ.
539 2046 685 2078 techinae
703 2045 815 2078 BCR.
912 2052 1028 2088 tegnae
1048 2045 1087 2078 F.

108 2105 161 2126 20.
211 2101 278 2126 tute
297 2093 337 2126 F.
433 2100 469 2126 tu
486 2099 516 2124 te
535 2092 576 2124 Z.
673 2099 709 2125 tu
728 2092 840 2125 BCD.

108 2151 161 2173 21.
211 2141 362 2180 Dixtine,
380 2149 420 2172 SO
446 2139 490 2172 R.
587 2139 710 2171 Dixtin
735 2138 796 2172 the
824 2138 940 2180 MSS.,
959 2143 1090 2182 except
1117 2139 1158 2179 C,
1177 2137 1293 2171 which
1319 2136 1382 2170 has
1407 2137 1510 2170 Dixit
1534 2138 1578 2170 in.

59 2187 211 2220 Dixistin
229 2186 291 2219 W.
434 2198 526 2229 queso
544 2185 606 2218 BC
625 2184 695 2218 and
713 2197 744 2218 v.
760 2196 815 2226 47.

105 2244 159 2275 23,
176 2245 230 2274 24.
281 2232 402 2266 These
420 2237 494 2265 two
518 2232 606 2265 lines
629 2242 760 2275 appear
776 2232 892 2266 under
909 2243 928 2265 a
945 2243 1030 2276 very
1049 2231 1238 2265 mutilated
1258 2230 1353 2264 form
1373 2230 1407 2263 in
1427 2229 1577 2264 BCD-

339 2297 393 2328 ‘Tr.
428 2294 545 2337 Negat
596 2320 956 2328 .......
1007 2305 1118 2338 quom
1144 2294 1264 2335 cogita

361 2366 841 2375 .........
892 2341 1009 2374 dicam
1040 2342 1066 2374 si
1096 2340 1279 2374 confessus
1308 2340 1364 2374 sit.

60 2403 198 2437 Where
229 2404 296 2436 CD
324 2404 413 2437 have
432 2404 550 2445 Necat,
569 2404 638 2437 and
656 2404 766 2437 dicam
784 2404 812 2436 is
829 2404 986 2446 wanting
1004 2405 1039 2437 in
1058 2403 1087 2437 B
1107 2415 1114 2438 :
1151 2405 1186 2437 in
1217 2404 1278 2436 FZ
1299 2403 1361 2436 the
1380 2401 1577 2445 fragments

62 2460 123 2483 are
145 2449 338 2483 combined
364 2451 440 2483 into
462 2461 482 2483 a
503 2451 614 2492 single
637 2450 719 2483 line.
770 2450 853 2483 The
871 2450 989 2483 words
1013 2450 1138 2483 within
1156 2449 1324 2483 brackets
1350 2450 1385 2482 in
1410 2449 1472 2482 the
1498 2454 1576 2482 text

61 2506 122 2529 are
147 2496 369 2539 conjectural
393 2496 571 2529 additions
588 2496 635 2539 by
655 2496 809 2537 Camer.‚
828 2495 985 2539 adopted
1010 2497 1045 2529 in
1063 2497 1124 2530 the
1144 2496 1247 2539 Vulg.
1314 2496 1375 2538 W,
1394 2495 1577 2538 following

61 2542 146 2575 Pius
163 2542 233 2575 and
251 2542 382 2584 others,
401 2546 573 2576 concocts
591 2542 653 2575 the
670 2541 898 2584 following—

201 2607 256 2638 Ἰν.
284 2604 433 2647 Negat?
529 2605 586 2638 Th.
617 2604 736 2638 Etiam
766 2605 928 2647 rogitas?
979 2605 1109 2638 Dicam
1135 2606 1163 2638 si
1188 2605 1372 2639 confessus
1397 2605 1452 2638 sit.

64 2665 96 2698 R
114 2665 252 2700 follows
270 2667 422 2708 Camer.‚
441 2671 570 2710 except
587 2666 666 2700 that
682 2666 727 2700 he
744 2667 806 2700 has
823 2669 915 2701 Perii
932 2680 1013 2710 rem,
1032 2667 1170 2701 instead
1188 2667 1229 2701 of
1242 2670 1334 2702 Perii
1351 2667 1472 2712 oppido.

110 2723 164 2753 25.
213 2713 319 2756 Egon,
337 2724 377 2746 so
393 2713 455 2746 the
473 2713 578 2747 MSS.
650 2714 723 2758 Ego
741 2714 848 2748 Both.
870 2714 913 2747 R.

113 2761 167 2792 26.
217 2766 248 2792 te
281 2770 353 2792 was
389 2759 505 2793 added
539 2771 584 2793 on
619 2760 714 2803 conj.
739 2760 786 2804 by
812 2761 946 2804 Pylad„
973 2760 1038 2794 but
1073 2761 1100 2794 is
1133 2760 1286 2794 omitted
1320 2760 1355 2793 in
1382 2760 1444 2793 the
1470 2759 1576 2793 MSS.

63 2817 135 2838 cum
153 2817 186 2838 eo
204 2817 269 2839 una
287 2805 467 2839 BCDFZ.
557 2819 622 2840 una
640 2819 712 2840 cum
729 2820 762 2840 eo
781 2807 886 2841 Both.
908 2807 950 2840 R.

110 2855 164 2885 28.
214 2853 322 2886 vincis
341 2852 420 2886 CD.

807 2908 827 2932 G
